34200.010200603,1,11885113,200,2238095,1
34200.021492333,1,11885114,10,2238102,-1
34200.023959500,1,11885115,100,2238082,1
34200.029923499,4,11885113,25,2238100,1
34200.033179019,3,11885113,175,2238100,1
34200.034152345,3,11885115,100,2238100,1
34200.050609645,2,11885114,5,2238100,-1
34200.051430428,2,11885114,2,2238100,-1
34200.060042587,1,11885116,1000,2238090,1
34200.079374739,1,11885117,10,2238112,-1
34200.083763986,3,11885117,10,2238100,-1
34200.094206232,1,11885118,100,2238094,1
34200.097352625,2,11885114,1,2238100,-1
34200.108892213,3,11885114,2,2238100,-1
34200.126140846,1,11885119,500,2238093,1
34200.134515181,1,11885120,500,2238113,-1
34200.144811227,1,11885121,100,2238119,-1
34200.153570706,7,0,0,0,0
34200.155059556,3,11885116,1000,2238100,1
34200.156718228,2,11885118,50,2238100,1
34200.161575775,1,11885122,200,2238118,-1
34200.161691250,2,11885122,100,2238100,-1
34200.175589367,1,11885123,10,2238114,-1
34200.175621873,3,11885122,100,2238100,-1
34200.189975131,1,11885124,100,2238117,-1
34200.191633779,2,11885123,5,2238100,-1
34200.216704504,1,11885125,200,2238088,1
34200.234522528,1,11885126,200,2238097,1
34200.251451987,2,11885120,250,2238100,-1
34200.252826135,2,11885123,2,2238100,-1
34200.260326989,4,11885121,25,2238101,-1
34200.313613429,1,11885127,25,2238104,-1
34200.314275104,2,11885121,37,2238100,-1
34200.314347272,1,11885128,200,2238098,1
34200.315082202,2,11885121,19,2238100,-1
34200.322830850,4,11885128,25,2238102,1
34200.339307285,1,11885129,100,2238112,-1
34200.345600086,2,11885129,50,2238100,-1
34200.346636128,1,11885130,25,2238092,1
34200.354320995,1,11885131,200,2238108,-1
34200.355104773,4,11885119,10,2238103,1
34200.373185343,4,11885121,10,2238102,-1
34200.379750766,4,11885120,10,2238101,-1
34200.382832377,1,11885132,100,2238118,-1
34200.389500768,1,11885133,200,2238081,1
34200.390129714,1,11885134,500,2238117,-1
34200.397703929,2,11885124,50,2238100,-1
34200.398413749,4,11885131,10,2238104,-1
34200.401240234,2,11885132,50,2238100,-1
34200.411951368,1,11885135,100,2238107,-1
34200.415722825,1,11885136,50,2238115,-1
34200.429660628,1,11885137,100,2238097,1
34200.436710492,1,11885138,50,2238092,1
34200.438427238,3,11885138,50,2238100,1
34200.479687640,2,11885136,25,2238100,-1
34200.483245519,4,11885123,3,2238096,-1
34200.496809639,1,11885139,25,2238089,1
34200.506867362,1,11885140,100,2238097,1
34200.524548656,1,11885141,10,2238091,1
34200.530379672,2,11885121,4,2238100,-1
34200.531161924,4,11885137,10,2238100,1
34200.539896861,1,11885142,500,2238112,-1
34200.555799211,4,11885126,25,2238105,1
34200.556883904,4,11885133,100,2238097,1
34200.582888941,1,11885143,10,2238086,1
34200.596228407,4,11885142,50,2238098,-1
34200.599331853,1,11885144,25,2238084,1
34200.616291980,1,11885145,10,2238092,1
34200.618437904,4,11885145,10,2238105,1
34200.625559281,3,11885130,25,2238100,1
34200.653567047,4,11885125,25,2238099,1
34200.653957129,1,11885146,100,2238114,-1
34200.661119712,2,11885128,87,2238100,1
34200.661573730,2,11885139,12,2238100,1
34200.673184688,3,11885126,175,2238100,1
34200.677713738,2,11885132,25,2238100,-1
34200.687472962,1,11885147,50,2238117,-1
34200.692722087,1,11885148,100,2238093,1
34200.720916991,4,11885142,25,2238101,-1
34200.728856333,1,11885149,100,2238315,-1
34200.740114952,3,11885149,100,2238300,-1
34200.753431553,1,11885150,200,2238303,-1
34200.767340126,1,11885151,10,2238295,1
34200.770148416,3,11885120,240,2238300,-1
34200.776225750,2,11885147,25,2238300,-1
34200.788144686,1,11885152,200,2238296,1
34200.790614453,2,11885137,45,2238300,1
34200.791129685,3,11885137,45,2238300,1
34200.792560760,2,11885142,212,2238300,-1
34200.801610617,4,11885144,25,2238303,1
34200.807174789,1,11885153,100,2238284,1
34200.821109058,1,11885154,25,2238308,-1
34200.821915557,1,11885155,10,2238318,-1
34200.823550523,1,11885156,100,2238297,1
34200.827568463,1,11885157,500,2238313,-1
34200.836341072,4,11885152,25,2238302,1
34200.836400207,3,11885155,10,2238300,-1
34200.858623312,2,11885151,5,2238300,1
34200.866522808,1,11885158,100,2238291,1
34200.866817352,2,11885135,50,2238300,-1
34200.879697470,4,11885146,25,2238301,-1
34200.888659723,1,11885159,200,2238305,-1
34200.890665340,1,11885160,50,2238311,-1
34200.911838019,4,11885154,10,2238296,-1
34200.918192593,1,11885161,100,2238308,-1
34200.933390076,3,11885140,100,2238300,1
34200.935613523,1,11885162,100,2238284,1
34200.943913956,2,11885152,87,2238300,1
34200.945750650,3,11885129,50,2238300,-1
34200.960792059,1,11885163,100,2238290,1
34200.984654569,4,11885136,10,2238305,-1
34200.987436500,1,11885164,200,2238281,1
34200.991701402,1,11885165,200,2238301,-1
34201.008979728,4,11885160,25,2238301,-1
34201.010917237,2,11885165,100,2238300,-1
34201.025817863,3,11885146,75,2238300,-1
34201.029708437,4,11885147,25,2238298,-1
34201.043590450,2,11885153,50,2238300,1
34201.043881649,1,11885166,200,2238288,1
34201.048041938,3,11885148,100,2238300,1
34201.056156540,1,11885167,100,2238286,1
34201.070351522,2,11885165,50,2238300,-1
34201.076296757,1,11885168,50,2238308,-1
34201.085008869,2,11885161,50,2238300,-1
34201.141941639,1,11885169,50,2238309,-1
34201.144562277,1,11885170,25,2238293,1
34201.151182611,4,11885167,25,2238296,1
34201.169057997,1,11885171,100,2238301,-1
34201.170411418,1,11885172,100,2238305,-1
34201.184386677,1,11885173,100,2238316,-1
34201.188552534,1,11885174,200,2238304,-1
34201.193672587,2,11885124,25,2238300,-1
34201.195318115,4,11885127,25,2238296,-1
34201.203484222,2,11885174,100,2238300,-1
34201.206042014,1,11885175,200,2238310,-1
34201.252125026,2,11885174,50,2238300,-1
34201.284341015,3,11885175,200,2238300,-1
34201.286711224,1,11885176,10,2238282,1
34201.286738017,2,11885152,44,2238300,1
34201.287069861,1,11885177,100,2238303,-1
34201.312828383,2,11885139,6,2238300,1
34201.318364652,2,11885151,2,2238300,1
34201.335887992,1,11885178,200,2238320,-1
34201.344309269,1,11885179,500,2238313,-1
34201.351250189,1,11885180,200,2238286,1
34201.360506371,1,11885181,100,2238291,1
34201.374907922,2,11885163,50,2238300,1
34201.399685976,2,11885176,5,2238300,1
34201.416519240,1,11885182,50,2238311,-1
34201.417624086,1,11885183,100,2238310,-1
34201.422739883,1,11885184,25,2238289,1
34201.423971978,4,11885118,25,2238303,1
34201.430170505,2,11885174,25,2238300,-1
34201.444294555,3,11885141,10,2238300,1
34201.447401418,1,11885185,10,2238304,-1
34201.457344542,3,11885154,15,2238300,-1
34201.465348281,1,11885186,500,2238285,1
34201.475781278,4,11885153,25,2238299,1
34201.481151098,1,11885187,10,2238318,-1
34201.483265847,3,11885133,100,2238300,1
34201.503218831,3,11885164,200,2238300,1
34201.507372096,1,11885188,200,2238290,1
34201.525541387,2,11885135,25,2238300,-1
34201.531457178,1,11885189,500,2238315,-1
34201.551828794,1,11885190,200,2238308,-1
34201.557118267,1,11885191,1000,2238313,-1
34201.572839383,1,11885192,100,2238295,1
34201.581759766,4,11885167,10,2238302,1
34201.581914432,4,11885135,10,2238299,-1
34201.586047810,2,11885159,100,2238300,-1
34201.605176330,1,11885193,200,2238316,-1
34201.605541924,2,11885156,50,2238300,1
34201.665164566,1,11885194,100,2238296,1
34201.677006306,1,11885195,50,2238290,1
34201.682639551,1,11885196,25,2238294,1
34201.692042614,2,11885170,12,2238300,1
34201.716441451,1,11885197,25,2238315,-1
34201.716535870,4,11885183,25,2238296,-1
34201.722364992,2,11885180,100,2238300,1
34201.755074337,1,11885198,1000,2238307,-1
34201.774270410,1,11885199,25,2238319,-1
34201.786286136,3,11885163,50,2238300,1
34201.789494808,2,11885188,100,2238300,1
34201.825839788,3,11885194,100,2238300,1
34201.849290048,3,11885179,500,2238300,-1
34201.865481494,1,11885200,100,2238305,-1
34201.888853643,1,11885201,100,2238302,-1
34201.902034759,1,11885202,25,2238306,-1
34201.917476544,1,11885203,25,2238306,-1
34201.934888528,3,11885189,500,2238300,-1
34201.955321318,1,11885204,200,2238295,1
34201.957878175,2,11885165,25,2238300,-1
34201.992072730,1,11885205,25,2238301,-1
34201.993391928,3,11885152,44,2238300,1
34202.002176101,4,11885131,25,2238302,-1
34202.002429532,2,11885203,12,2238300,-1
34202.011847725,2,11885170,6,2238300,1
34202.035859371,1,11885206,500,2238298,1
34202.039488667,1,11885207,100,2238287,1
34202.050590038,4,11885167,25,2238297,1
34202.072254316,3,11885182,50,2238300,-1
34202.077498760,1,11885208,100,2238307,-1
34202.107567738,1,11885209,500,2238318,-1
34202.117919235,1,11885210,10,2238285,1
34202.120303150,4,11885131,50,2238298,-1
34202.165240247,1,11885211,25,2238281,1
34202.185619054,1,11885212,200,2238291,1
34202.187181943,1,11885213,100,2238296,1
34202.187443126,3,11885171,100,2238300,-1
34202.196331169,1,11885214,100,2238286,1
34202.210022209,3,11885212,200,2238300,1
34202.219028008,1,11885215,50,2238283,1
34202.229337750,7,0,0,0,0
34202.248130456,1,11885216,500,2238303,-1
34202.252018185,1,11885217,1000,2238313,-1
34202.259580265,2,11885142,106,2238300,-1
34202.275335273,2,11885168,25,2238300,-1
34202.280957690,1,11885218,100,2238313,-1
34202.281956842,2,11885193,100,2238300,-1
34202.312659787,1,11885219,10,2238297,1
34202.313675292,3,11885219,10,2238300,1
34202.314293844,2,11885151,1,2238300,1
34202.319583886,4,11885201,50,2238295,-1
34202.354129433,1,11885220,100,2238295,1
34202.356668617,3,11885193,100,2238300,-1
34202.357888997,1,11885221,1000,2238318,-1
34202.374949964,2,11885124,12,2238300,-1
34202.384340312,2,11885124,6,2238300,-1
34202.386329896,1,11885222,10,2238312,-1
34202.406721549,1,11885223,10,2238299,1
34202.414282050,1,11885224,50,2238288,1
34202.418203338,2,11885131,57,2238300,-1
34202.419894390,1,11885225,100,2238291,1
34202.425411122,1,11885226,10,2238283,1
34202.431030796,2,11885210,5,2238300,1
34202.438516002,1,11885227,25,2238299,1
34202.467579322,3,11885181,100,2238300,1
34202.471556113,3,11885161,50,2238300,-1
34202.472939378,1,11885228,100,2238303,-1
34202.486488937,1,11885229,100,2238289,1
34202.495008014,1,11885230,10,2238287,1
34202.498935006,2,11885196,12,2238300,1
34202.499857583,1,11885231,10,2238317,-1
34202.520300213,1,11885232,100,2238297,1
34202.521510897,4,11885192,10,2238305,1
34202.538386892,1,11885233,100,2238294,1
34202.552667030,1,11885234,200,2238315,-1
34202.566933076,4,11885224,25,2238304,1
34202.570836993,1,11885235,100,2238303,-1
34202.580817021,2,11885195,25,2238300,1
34202.587896318,1,11885236,200,2238288,1
34202.588694665,4,11885230,10,2238301,1
34202.594906869,3,11885128,88,2238300,1
34202.600880398,2,11885190,100,2238300,-1
34202.610169241,4,11885208,10,2238300,-1
34202.650559615,2,11885131,29,2238300,-1
34202.653406398,1,11885237,50,2238288,1
34202.656731708,1,11885238,10,2238289,1
34202.657724453,1,11885239,10,2238289,1
34202.668619357,1,11885240,100,2238305,-1
34202.696425921,1,11885241,100,2238305,-1
34202.714084439,2,11885220,50,2238300,1
34202.715065562,2,11885121,2,2238300,-1
34202.719569105,1,11885242,25,2238307,-1
34202.721049064,3,11885143,10,2238300,1
34202.728135525,3,11885221,1000,2238300,-1
34202.728520308,3,11885157,500,2238300,-1
34202.737614613,1,11885243,10,2238285,1
34202.742144889,4,11885235,10,2238302,-1
34202.744810658,4,11885214,50,2238298,1
34202.749396801,4,11885213,50,2238301,1
34202.756386576,1,11885244,10,2238280,1
34202.759263440,4,11885226,10,2238303,1
34202.778312680,3,11885184,25,2238300,1
34202.784278680,3,11885142,107,2238300,-1
34202.813543217,1,11885245,100,2238301,-1
34202.818592546,1,11885246,25,2238288,1
34202.822429850,3,11885197,25,2238300,-1
34202.838102289,1,11885247,200,2238305,-1
34202.844434296,4,11885121,3,2238297,-1
34202.852392835,2,11885158,50,2238300,1
34202.867361637,1,11885248,100,2238286,1
34202.877111715,3,11885223,10,2238300,1
34202.886193429,2,11885180,50,2238300,1
34202.898871232,1,11885249,100,2238308,-1
34202.900945336,2,11885203,6,2238300,-1
34202.901646120,2,11885225,50,2238300,1
34202.909723891,1,11885250,25,2238312,-1
34202.909887647,1,11885251,200,2238281,1
34202.913930084,2,11885245,50,2238300,-1
34202.915854884,1,11885252,200,2238306,-1
34202.916506677,1,11885253,10,2238307,-1
34202.918731487,4,11885227,10,2238303,1
34202.925144623,2,11885190,50,2238300,-1
34202.929560327,4,11885199,10,2238300,-1
34202.935304220,1,11885254,1000,2238311,-1
34202.942160043,4,11885228,10,2238296,-1
34202.955145858,2,11885170,3,2238300,1
34202.963030868,1,11885255,100,2238310,-1
34202.975677404,1,11885256,200,2238302,-1
34202.999937055,1,11885257,100,2238297,1
34203.005149354,3,11885167,40,2238300,1
34203.035680722,2,11885215,25,2238300,1
34203.036034911,3,11885204,200,2238300,1
34203.040531441,1,11885258,500,2238285,1
34203.045183805,2,11885232,50,2238300,1
34203.049755863,1,11885259,200,2238299,1
34203.056668232,2,11885187,5,2238300,-1
34203.071583203,1,11885260,25,2238316,-1
34203.073041885,1,11885261,200,2238303,-1
34203.107325897,2,11885255,50,2238300,-1
34203.107997333,4,11885168,25,2238305,-1
34203.109910040,1,11885262,25,2238295,1
34203.116722659,2,11885222,5,2238300,-1
34203.133001821,2,11885151,1,2238300,1
34203.133681913,3,11885225,50,2238300,1
34203.141140974,3,11885139,7,2238300,1
34203.142480023,1,11885263,50,2238317,-1
34203.163514100,2,11885174,12,2238300,-1
34203.178114871,2,11885135,7,2238300,-1
34203.195916588,1,11885264,500,2238289,1
34203.198471581,2,11885195,12,2238300,1
34203.217175304,2,11885238,5,2238300,1
34203.220383571,2,11885153,12,2238300,1
34203.227366638,4,11885169,10,2238304,-1
34203.240118920,3,11885240,100,2238300,-1
34203.240539588,1,11885265,200,2238307,-1
34203.245928184,1,11885266,100,2238310,-1
34203.262259762,1,11885267,10,2238298,1
34203.267631830,1,11885268,200,2238289,1
34203.271478407,1,11885269,200,2238305,-1
34203.278714061,1,11885270,100,2238291,1
34203.280232500,4,11885247,10,2238297,-1
34203.297024553,3,11885176,5,2238300,1
34203.311426627,2,11885232,25,2238300,1
34203.332552529,1,11885271,100,2238317,-1
34203.335306489,1,11885272,100,2238316,-1
34203.353812012,1,11885273,100,2238296,1
34203.375221415,3,11885208,90,2238300,-1
34203.375684393,2,11885209,250,2238300,-1
34203.383741348,2,11885268,100,2238300,1
34203.391723250,2,11885249,50,2238300,-1
34203.392988081,1,11885274,500,2238318,-1
34203.407051631,2,11885234,100,2238300,-1
34203.407462506,3,11885273,100,2238300,1
34203.413882184,2,11885235,45,2238300,-1
34203.415387866,1,11885275,200,2238320,-1
34203.418943684,3,11885238,5,2238300,1
34203.425674123,1,11885276,50,2238288,1
34203.426835019,1,11885277,100,2238280,1
34203.460968943,3,11885245,50,2238300,-1
34203.463550735,1,11885278,200,2238305,-1
34203.466324047,3,11885177,100,2238300,-1
34203.466515237,1,11885279,100,2238286,1
34203.475969293,3,11885267,10,2238300,1
34203.476612346,1,11885280,100,2238316,-1
34203.480377517,4,11885206,25,2238305,1
34203.495161165,2,11885262,12,2238300,1
34203.498231339,4,11885196,13,2238298,1
34203.526616154,3,11885265,200,2238300,-1
34203.528938978,1,11885281,500,2238318,-1
34203.544806224,1,11885282,200,2238313,-1
34203.575730608,1,11885283,50,2238303,-1
34203.581571314,1,11885284,25,2238282,1
34203.589827089,1,11885285,10,2238292,1
34203.613385280,1,11885286,50,2238286,1
34203.619779523,1,11885287,100,2238286,1
34203.641036259,2,11885274,250,2238300,-1
34203.674254773,2,11885276,25,2238300,1
34203.675191955,2,11885269,100,2238300,-1
34203.694185387,4,11885220,50,2238297,1
34203.721354673,3,11885279,100,2238300,1
34203.728194247,4,11885200,50,2238295,-1
34203.731738054,4,11885206,10,2238305,1
34203.739575350,4,11885237,25,2238298,1
34203.756120429,3,11885258,500,2238300,1
34203.759094587,3,11885282,200,2238300,-1
34203.762590506,1,11885288,100,2238314,-1
34203.763497828,1,11885289,50,2238284,1
34203.766348644,1,11885290,50,2238311,-1
34203.779181781,2,11885266,50,2238300,-1
34203.781877617,1,11885291,100,2238287,1
34203.807530894,3,11885266,50,2238300,-1
34203.808779904,1,11885292,500,2238292,1
34203.815284266,4,11885213,10,2238303,1
34203.839679419,3,11885288,100,2238300,-1
34203.842143689,3,11885283,50,2238300,-1
34203.842997855,3,11885150,200,2238300,-1
34203.867916528,3,11885239,10,2238300,1
34203.870174960,1,11885293,100,2238304,-1
34203.882795145,4,11885231,10,2238302,-1
34203.884210140,2,11885250,12,2238300,-1
34203.890416141,3,11885217,1000,2238300,-1
34203.893352569,1,11885294,100,2238298,1
34203.905405134,1,11885295,10,2238284,1
34203.910662276,3,11885278,200,2238300,-1
34203.921043493,7,0,0,0,0
34203.925863925,4,11885215,10,2238305,1
34203.946622702,4,11885162,10,2238303,1
34203.951615933,4,11885118,25,2238299,1
34203.957833577,1,11885296,25,2238308,-1
34203.962082499,4,11885280,50,2238295,-1
34203.978662385,3,11885125,175,2238300,1
34203.981415524,2,11885235,22,2238300,-1
34203.990523207,1,11885297,100,2238287,1
34203.998283275,3,11885170,4,2238300,1
34204.005292969,3,11885285,10,2238300,1
34204.013875789,3,11885210,5,2238300,1
34204.016579504,4,11885250,10,2238299,-1
34204.019797464,2,11885289,25,2238300,1
34204.044053771,1,11885298,1000,2238302,-1
34204.072455838,3,11885209,250,2238300,-1
34204.084373264,1,11885299,100,2238282,1
34204.103300622,3,11885299,100,2238300,1
34204.109518662,1,11885300,100,2238318,-1
34204.114435742,1,11885301,200,2238285,1
34204.115405962,1,11885302,100,2238313,-1
34204.124642189,1,11885303,25,2238284,1
34204.148397277,4,11885190,50,2238296,-1
34204.162136162,4,11885284,25,2238298,1
34204.167188443,1,11885304,100,2238313,-1
34204.177650198,1,11885305,10,2238315,-1
34204.217452390,3,11885188,100,2238300,1
34204.222083940,2,11885195,6,2238300,1
34204.235602962,2,11885262,6,2238300,1
34204.244257582,1,11885306,50,2238308,-1
34204.262176939,2,11885281,250,2238300,-1
34204.266295257,1,11885307,25,2238315,-1
34204.282141516,3,11885249,50,2238300,-1
34204.284175510,7,0,0,0,0
34204.315696306,3,11885156,50,2238300,1
34204.344734788,3,11885236,200,2238300,1
34204.346213891,1,11885308,25,2238299,1
34204.352302128,2,11885272,50,2238300,-1
34204.376692072,1,11885309,10,2238301,-1
34204.389500349,1,11885310,10,2238306,-1
34204.390513081,1,11885311,25,2238312,-1
34204.395569744,1,11885312,25,2238292,1
34204.413175962,7,0,0,0,0
34204.423671168,1,11885313,100,2238318,-1
34204.433797755,1,11885314,100,2238311,-1
34204.453314243,2,11885135,4,2238300,-1
34204.455924858,2,11885263,25,2238300,-1
34204.462377962,1,11885315,100,2238318,-1
34204.462712514,1,11885316,10,2238281,1
34204.479898947,4,11885213,10,2238298,1
34204.488262102,2,11885260,12,2238300,-1
34204.492292730,1,11885317,200,2238283,1
34204.496537061,1,11885318,100,2238289,1
34204.506052749,4,11885216,10,2238299,-1
34204.521356621,1,11885319,25,2238314,-1
34204.530172498,3,11885211,25,2238300,1
34204.546170105,1,11885320,100,2238287,1
34204.556218617,1,11885321,10,2238297,1
34204.559904176,1,11885322,25,2238297,1
34204.565861544,1,11885323,50,2238297,1
34204.566838381,1,11885324,25,2238301,-1
34204.571745336,4,11885319,25,2238298,-1
34204.580230732,1,11885325,50,2238291,1
34204.587025620,1,11885326,100,2238310,-1
34204.587826029,1,11885327,100,2238320,-1
34204.593948369,1,11885328,200,2238311,-1
34204.598726952,1,11885329,10,2238320,-1
34204.602593363,1,11885330,500,2238306,-1
34204.637242796,2,11885253,5,2238300,-1
34204.671589227,1,11885331,50,2238313,-1
34204.698481583,7,0,0,0,0
34204.700465205,1,11885332,100,2238307,-1
34204.703908875,3,11885308,25,2238300,1
34204.715086143,1,11885333,100,2238305,-1
34204.730648753,7,0,0,0,0
34204.737173311,2,11885312,12,2238300,1
34204.745018158,1,11885334,200,2238296,1
34204.755735963,2,11885160,12,2238300,-1
34204.764019226,2,11885286,25,2238300,1
34204.797750218,1,11885335,100,2238308,-1
34204.805064894,2,11885320,50,2238300,1
34204.809750853,2,11885334,100,2238300,1
34204.811384810,1,11885336,500,2238314,-1
34204.812282469,3,11885292,500,2238300,1
34204.816020540,1,11885337,100,2238312,-1
34204.821786027,1,11885338,200,2238302,-1
34204.823008667,2,11885222,2,2238300,-1
34204.849590194,2,11885216,245,2238300,-1
34204.853609752,1,11885339,25,2238306,-1
34204.864318981,3,11885235,23,2238300,-1
34204.870289627,1,11885340,25,2238293,1
34204.882455472,2,11885232,12,2238300,1
34204.887009271,1,11885341,500,2238317,-1
34204.890769365,1,11885342,50,2238288,1
34204.896891686,2,11885272,25,2238300,-1
34204.921985636,2,11885277,50,2238300,1
34204.923239700,1,11885343,100,2238283,1
34204.932313650,1,11885344,100,2238318,-1
34204.942677354,2,11885333,50,2238300,-1
34204.946085859,3,11885165,25,2238300,-1
34204.966149422,1,11885345,500,2238287,1
34204.973190250,2,11885314,50,2238300,-1
34204.985573905,1,11885346,25,2238292,1
34204.988787712,1,11885347,200,2238319,-1
34205.003308617,1,11885348,200,2238291,1
34205.020640663,3,11885159,100,2238300,-1
34205.034911998,1,11885349,200,2238304,-1
34205.045515680,4,11885153,10,2238300,1
34205.065335172,4,11885202,25,2238298,-1
34205.067690853,2,11885320,25,2238300,1
34205.069505851,1,11885350,100,2238298,1
34205.077104723,1,11885351,100,2238310,-1
34205.107553390,4,11885192,10,2238301,1
34205.132657938,4,11885206,25,2238297,1
34205.135530456,3,11885310,10,2238300,-1
34205.142253294,1,11885352,100,2238313,-1
34205.152294349,1,11885353,100,2238312,-1
34205.158989524,4,11885191,50,2238302,-1
34205.169063736,4,11885348,10,2238301,1
34205.186484727,1,11885354,100,2238311,-1
34205.187884180,3,11885166,200,2238300,1
34205.188354498,3,11885134,500,2238300,-1
34205.189681098,1,11885355,25,2238286,1
34205.201347607,2,11885228,45,2238300,-1
34205.222095998,1,11885356,10,2238309,-1
34205.233017594,1,11885357,100,2238308,-1
34205.233973887,1,11885358,100,2238295,1
34205.241302008,1,11885359,1000,2238304,-1
34205.246789255,1,11885360,200,2238303,-1
34205.247869865,4,11885216,10,2238297,-1
34205.258130255,1,11885361,100,2238280,1
34205.263930216,2,11885224,12,2238300,1
34205.289174277,1,11885362,500,2238297,1
34205.290682658,3,11885300,100,2238300,-1
34205.323718478,1,11885363,25,2238303,-1
34205.332906393,1,11885364,25,2238290,1
34205.342243989,1,11885365,100,2238292,1
34205.343440203,2,11885350,50,2238300,1
34205.365397667,1,11885366,100,2238305,-1
34205.383659518,2,11885234,50,2238300,-1
34205.398044912,3,11885135,4,2238300,-1
34205.406896794,1,11885367,100,2238287,1
34205.416800762,1,11885368,100,2238303,-1
34205.424515208,1,11885369,500,2238283,1
34205.461133061,1,11885370,100,2238290,1
34205.474224852,1,11885371,10,2238286,1
34205.483700004,2,11885237,12,2238300,1
34205.484972010,3,11885232,13,2238300,1
34205.491831997,2,11885269,50,2238300,-1
34205.493658768,3,11885271,100,2238300,-1
34205.506861432,4,11885298,50,2238299,-1
34205.514281744,4,11885187,5,2238303,-1
34205.518746551,2,11885312,6,2238300,1
34205.520458112,4,11885207,10,2238303,1
34205.520483830,1,11885372,50,2238284,1
34205.545769475,4,11885162,25,2238305,1
34205.551205878,1,11885373,200,2238309,-1
34205.559681363,2,11885174,6,2238300,-1
34205.561657880,4,11885321,10,2238302,1
34205.581759440,1,11885374,100,2238282,1
34205.586362656,3,11885263,25,2238300,-1
34205.592597500,1,11885375,200,2238282,1
34205.595409556,1,11885376,50,2238282,1
34205.613708781,4,11885119,50,2238301,1
34205.632613932,1,11885377,100,2238286,1
34205.633231570,3,11885199,15,2238300,-1
34205.633680501,3,11885327,100,2238300,-1
34205.645748499,4,11885195,7,2238303,1
34205.647181591,1,11885378,100,2238286,1
34205.648582356,4,11885323,25,2238300,1
34205.652410458,1,11885379,200,2238295,1
34205.661198193,1,11885380,100,2238311,-1
34205.668875274,1,11885381,25,2238315,-1
34205.670152626,2,11885378,50,2238300,1
34205.670564282,1,11885382,1000,2238292,1
34205.675610141,1,11885383,500,2238299,1
34205.694892898,2,11885203,3,2238300,-1
34205.701092669,1,11885384,200,2238298,1
34205.741586708,3,11885316,10,2238300,1
34205.753179420,1,11885385,10,2238303,-1
34205.753845863,1,11885386,500,2238297,1
34205.771527631,1,11885387,25,2238302,-1
34205.780058072,1,11885388,100,2238287,1
34205.781955247,1,11885389,500,2238315,-1
34205.782307887,1,11885390,100,2238316,-1
34205.790308279,1,11885391,25,2238286,1
34205.811906340,2,11885364,12,2238300,1
34205.827746296,3,11885312,7,2238300,1
34205.834279494,1,11885392,25,2238313,-1
34205.834543580,1,11885393,200,2238302,-1
34205.840924194,2,11885262,3,2238300,1
34205.877413039,2,11885277,25,2238300,1
34205.885042076,3,11885259,200,2238300,1
34205.893615035,1,11885394,25,2238294,1
34205.897442355,1,11885395,500,2238288,1
34205.905734464,1,11885396,50,2238318,-1
34205.912476471,1,11885397,100,2238299,1
34205.912483308,1,11885398,200,2238289,1
34205.937589343,1,11885399,100,2238295,1
34205.962505532,3,11885317,200,2238300,1
34205.994834962,4,11885329,10,2238300,-1
34205.998426960,1,11885400,100,2238316,-1
34206.000341019,2,11885386,250,2238300,1
34206.015805265,2,11885244,5,2238300,1
34206.020559594,1,11885401,500,2238299,1
34206.050259881,7,0,0,0,0
34206.083836646,2,11885385,5,2238300,-1
34206.086332743,4,11885228,10,2238296,-1
34206.089050777,1,11885402,100,2238289,1
34206.092132516,1,11885403,200,2238304,-1
34206.092625967,1,11885404,100,2238286,1
34206.097385582,1,11885405,100,2238319,-1
34206.109006229,1,11885406,10,2238290,1
34206.112032531,1,11885407,200,2238306,-1
34206.119952183,1,11885408,100,2238301,-1
34206.130554810,1,11885409,50,2238296,1
34206.167205822,2,11885367,50,2238300,1
34206.170288273,1,11885410,100,2238287,1
34206.188604998,1,11885411,25,2238303,-1
34206.199452691,1,11885412,25,2238293,1
34206.202903140,3,11885296,25,2238300,-1
34206.218268573,4,11885277,10,2238303,1
34206.223171079,1,11885413,10,2238285,1
34206.228964630,3,11885374,100,2238300,1
34206.229600839,2,11885198,500,2238300,-1
34206.240631296,1,11885414,10,2238282,1
34206.245526930,4,11885406,10,2238302,1
34206.254029954,1,11885415,100,2238302,-1
34206.277101415,2,11885389,250,2238300,-1
34206.278696622,1,11885416,200,2238293,1
34206.280045499,4,11885341,10,2238305,-1
34206.281645758,1,11885417,100,2238297,1
34206.286710027,1,11885418,200,2238301,-1
34206.296466665,1,11885419,10,2238305,-1
34206.305332386,4,11885207,25,2238296,1
34206.320738299,4,11885335,10,2238305,-1
34206.327385544,1,11885420,10,2238313,-1
34206.336767209,1,11885421,10,2238308,-1
34206.343214936,1,11885422,50,2238310,-1
34206.361720262,2,11885262,2,2238300,1
34206.363163419,1,11885423,200,2238309,-1
34206.372451586,1,11885424,200,2238316,-1
34206.392639866,2,11885237,6,2238300,1
34206.393318554,1,11885425,25,2238294,1
34206.411211974,1,11885426,500,2238302,-1
34206.423407372,3,11885359,1000,2238300,-1
34206.428464796,2,11885269,25,2238300,-1
34206.433124382,1,11885427,100,2238319,-1
34206.437344124,1,11885428,10,2238290,1
34206.437853384,3,11885256,200,2238300,-1
34206.457310269,2,11885281,125,2238300,-1
34206.467853946,4,11885408,10,2238297,-1
34206.478277349,1,11885429,200,2238320,-1
34206.481922400,2,11885339,12,2238300,-1
34206.504506453,1,11885430,50,2238285,1
34206.511859443,2,11885124,3,2238300,-1
34206.519023882,3,11885324,25,2238300,-1
34206.527266859,1,11885431,10,2238284,1
34206.571800767,4,11885277,15,2238305,1
34206.575350261,3,11885178,200,2238300,-1
34206.591719885,2,11885405,50,2238300,-1
34206.595570420,1,11885432,25,2238310,-1
34206.600992992,1,11885433,200,2238289,1
34206.603507949,3,11885408,90,2238300,-1
34206.607947365,1,11885434,10,2238290,1
34206.609316383,3,11885433,200,2238300,1
34206.633691817,4,11885403,10,2238300,-1
34206.636219188,1,11885435,25,2238312,-1
34206.639701312,1,11885436,500,2238284,1
34206.646642336,1,11885437,10,2238314,-1
34206.665900259,1,11885438,500,2238319,-1
34206.709062090,4,11885248,50,2238302,1
34206.713106189,1,11885439,100,2238299,1
34206.715455597,2,11885241,50,2238300,-1
34206.722180754,1,11885440,100,2238314,-1
34206.755798936,1,11885441,500,2238288,1
34206.778055768,2,11885136,7,2238300,-1
34206.789349003,1,11885442,10,2238310,-1
34206.794186792,1,11885443,500,2238290,1
34206.800273498,2,11885345,250,2238300,1
34206.822163744,1,11885444,200,2238312,-1
34206.823965585,3,11885136,8,2238300,-1
34206.826558712,1,11885445,100,2238281,1
34206.827873042,3,11885331,50,2238300,-1
34206.848791758,2,11885174,3,2238300,-1
34206.857803909,1,11885446,100,2238298,1
34206.863195741,2,11885357,50,2238300,-1
34206.875297937,2,11885131,14,2238300,-1
34206.878880649,2,11885290,25,2238300,-1
34206.888630387,1,11885447,200,2238283,1
34206.889883011,1,11885448,25,2238280,1
34206.892934602,1,11885449,10,2238310,-1
34206.900878403,2,11885360,100,2238300,-1
34206.904892192,2,11885215,7,2238300,1
34206.922924371,1,11885450,10,2238283,1
34206.935782573,2,11885352,50,2238300,-1
34206.980581994,1,11885451,200,2238294,1
34206.999704242,2,11885345,125,2238300,1
34207.013118989,3,11885173,100,2238300,-1
34207.013216183,2,11885313,50,2238300,-1
34207.017640494,2,11885428,5,2238300,1
34207.018616086,1,11885452,500,2238313,-1
34207.021788336,4,11885446,10,2238297,1
34207.022988076,1,11885453,100,2238296,1
34207.031922374,2,11885251,100,2238300,1
34207.041372444,2,11885416,100,2238300,1
34207.062570935,4,11885361,100,2238296,1
34207.084427308,1,11885454,100,2238301,-1
34207.095757138,2,11885384,100,2238300,1
34207.098292971,4,11885371,10,2238304,1
34207.099293850,1,11885455,10,2238313,-1
34207.116806044,2,11885131,7,2238300,-1
34207.127117414,3,11885365,100,2238300,1
34207.147474772,1,11885456,1000,2238289,1
34207.147991397,2,11885340,12,2238300,1
34207.164979735,1,11885457,200,2238303,-1
34207.170904940,1,11885458,100,2238296,1
34207.171269836,3,11885447,200,2238300,1
34207.180538381,1,11885459,500,2238285,1
34207.185053616,1,11885460,100,2238311,-1
34207.194723089,2,11885427,50,2238300,-1
34207.200747610,2,11885119,220,2238300,1
34207.204923348,4,11885298,25,2238300,-1
34207.217033189,1,11885461,10,2238286,1
34207.226471139,4,11885337,10,2238298,-1
34207.239086731,1,11885462,100,2238285,1
34207.247986047,4,11885124,4,2238295,-1
34207.256043079,2,11885372,25,2238300,1
34207.271233636,2,11885250,1,2238300,-1
34207.284345307,1,11885463,200,2238317,-1
34207.289769584,2,11885281,62,2238300,-1
34207.292966071,4,11885353,50,2238297,-1
34207.298289041,3,11885303,25,2238300,1
34207.316808878,1,11885464,25,2238293,1
34207.329339967,4,11885229,100,2238305,1
34207.366300817,2,11885410,50,2238300,1
34207.370192524,1,11885465,100,2238319,-1
34207.381193375,3,11885464,25,2238300,1
34207.388826986,1,11885466,10,2238283,1
34207.393621391,1,11885467,1000,2238306,-1
34207.405122247,1,11885468,200,2238307,-1
34207.405450645,1,11885469,100,2238282,1
34207.412602984,2,11885424,100,2238300,-1
34207.423524125,1,11885470,10,2238318,-1
34207.437137020,4,11885470,10,2238298,-1
34207.461383008,2,11885441,250,2238300,1
34207.470259685,1,11885471,100,2238290,1
34207.511275385,4,11885436,25,2238301,1
34207.511690213,1,11885472,200,2238281,1
34207.511746825,4,11885174,4,2238300,-1
34207.520832043,2,11885466,5,2238300,1
34207.531675889,2,11885332,50,2238300,-1
34207.532432620,2,11885255,25,2238300,-1
34207.539784951,1,11885473,50,2238303,-1
34207.561274732,1,11885474,500,2238307,-1
34207.570905427,2,11885441,125,2238300,1
34207.610608940,2,11885355,12,2238300,1
34207.613357887,4,11885286,25,2238305,1
34207.635043689,3,11885224,13,2238300,1
34207.639919272,1,11885475,200,2238317,-1
34207.645817183,4,11885261,10,2238296,-1
34207.675423117,4,11885385,5,2238305,-1
34207.676100252,3,11885426,500,2238300,-1
34207.681620365,2,11885431,5,2238300,1
34207.702710076,1,11885476,10,2238295,1
34207.715328507,1,11885477,100,2238291,1
34207.723884281,1,11885478,100,2238315,-1
34207.729558682,2,11885384,50,2238300,1
34207.729617846,1,11885479,50,2238297,1
34207.736606218,2,11885404,50,2238300,1
34207.737510994,1,11885480,100,2238301,-1
34207.745135276,1,11885481,25,2238305,-1
34207.766937014,4,11885416,10,2238295,1
34207.775000715,1,11885482,100,2238281,1
34207.782704282,1,11885483,100,2238307,-1
34207.793086931,1,11885484,200,2238280,1
34207.795247694,3,11885474,500,2238300,-1
34207.795806927,7,0,0,0,0
34207.803766506,1,11885485,10,2238291,1
34207.816697798,1,11885486,10,2238292,1
34207.826360904,1,11885487,100,2238311,-1
34207.830009062,2,11885336,250,2238300,-1
34207.846496036,1,11885488,200,2238308,-1
34207.858950900,1,11885489,100,2238305,-1
34207.862979031,1,11885490,100,2238316,-1
34207.864912090,3,11885476,10,2238300,1
34207.882424620,1,11885491,500,2238297,1
34207.901368343,3,11885397,100,2238300,1
34207.906562542,4,11885390,10,2238303,-1
34207.912951101,1,11885492,200,2238281,1
34207.916390086,2,11885344,50,2238300,-1
34207.920913540,1,11885493,10,2238283,1
34207.922647821,2,11885482,50,2238300,1
34207.956985717,1,11885494,25,2238302,-1
34207.963673037,1,11885495,100,2238293,1
34207.979349303,4,11885484,10,2238305,1
34207.983265977,2,11885468,100,2238300,-1
34207.986461080,2,11885394,12,2238300,1
34207.988370867,1,11885496,25,2238283,1
34208.024370073,1,11885497,200,2238316,-1
34208.046188976,4,11885355,10,2238296,1
34208.053415586,1,11885498,100,2238288,1
34208.070395822,1,11885499,100,2238304,-1
34208.076912318,1,11885500,25,2238301,-1
34208.078280659,1,11885501,10,2238281,1
34208.080099972,2,11885346,12,2238300,1
34208.089246830,1,11885502,25,2238303,-1
34208.098574230,1,11885503,100,2238286,1
34208.114402972,1,11885504,200,2238306,-1
34208.118598683,2,11885276,12,2238300,1
34208.123350233,1,11885505,100,2238305,-1
34208.125303355,2,11885483,50,2238300,-1
34208.140622025,1,11885506,500,2238305,-1
34208.148371803,4,11885425,25,2238303,1
34208.153830876,2,11885352,25,2238300,-1
34208.156437853,3,11885340,13,2238300,1
34208.160753652,4,11885473,25,2238296,-1
34208.166296019,3,11885493,10,2238300,1
34208.185889750,4,11885348,10,2238295,1
34208.198239186,2,11885228,17,2238300,-1
34208.205573918,1,11885507,50,2238314,-1
34208.207255484,1,11885508,50,2238319,-1
34208.210479055,3,11885349,200,2238300,-1
34208.218511019,1,11885509,1000,2238309,-1
34208.227130255,1,11885510,200,2238296,1
34208.233046905,1,11885511,100,2238283,1
34208.237178418,2,11885437,5,2238300,-1
34208.237712983,2,11885463,100,2238300,-1
34208.238668059,4,11885356,10,2238299,-1
34208.241175394,1,11885512,100,2238313,-1
34208.248536057,2,11885506,250,2238300,-1
34208.263390949,1,11885513,200,2238293,1
34208.290092493,1,11885514,25,2238280,1
34208.290459767,1,11885515,1000,2238297,1
34208.305586187,1,11885516,10,2238283,1
34208.317747380,2,11885443,250,2238300,1
34208.335453123,1,11885517,100,2238308,-1
34208.337616357,2,11885294,50,2238300,1
34208.339540497,2,11885379,100,2238300,1
34208.343025465,3,11885508,50,2238300,-1
34208.346005394,3,11885291,100,2238300,1
34208.357853368,2,11885457,100,2238300,-1
34208.360640898,3,11885432,25,2238300,-1
34208.366816110,1,11885518,10,2238291,1
34208.376858094,2,11885276,6,2238300,1
34208.392960546,1,11885519,25,2238291,1
34208.393936778,3,11885203,4,2238300,-1
34208.402023514,1,11885520,25,2238281,1
34208.431420458,4,11885380,50,2238298,-1
34208.444716916,1,11885521,200,2238292,1
34208.449117907,1,11885522,100,2238284,1
34208.463567495,1,11885523,100,2238312,-1
34208.470346936,4,11885394,13,2238303,1
34208.473635680,2,11885186,250,2238300,1
34208.481095580,4,11885169,25,2238301,-1
34208.500785330,1,11885524,100,2238283,1
34208.512471726,1,11885525,50,2238289,1
34208.532265301,1,11885526,500,2238316,-1
34208.536467482,1,11885527,50,2238312,-1
34208.541585620,2,11885368,50,2238300,-1
34208.558415962,3,11885488,200,2238300,-1
34208.577816845,3,11885313,50,2238300,-1
34208.584222146,1,11885528,100,2238283,1
34208.588016133,1,11885529,10,2238287,1
34208.589799530,1,11885530,200,2238285,1
34208.592807462,2,11885386,125,2238300,1
34208.597025545,1,11885531,100,2238281,1
34208.607498967,3,11885444,200,2238300,-1
34208.611430731,3,11885499,100,2238300,-1
34208.633470122,1,11885532,100,2238294,1
34208.659860029,2,11885475,100,2238300,-1
34208.678758214,1,11885533,50,2238289,1
34208.682202239,2,11885393,100,2238300,-1
34208.704067324,4,11885502,10,2238297,-1
34208.723323331,1,11885534,25,2238303,-1
34208.728382467,4,11885515,25,2238295,1
34208.743119906,7,0,0,0,0
34208.744217255,1,11885535,25,2238310,-1
34208.757595849,1,11885536,10,2238299,1
34208.762009486,4,11885512,100,2238303,-1
34208.789321278,1,11885537,100,2238281,1
34208.799292152,2,11885417,50,2238300,1
34208.823252669,1,11885538,50,2238285,1
34208.828566419,1,11885539,25,2238288,1
34208.836225724,1,11885540,10,2238310,-1
34208.841854554,1,11885541,50,2238282,1
34208.847160346,1,11885542,200,2238287,1
34208.849652558,2,11885538,25,2238300,1
34208.864114628,3,11885395,500,2238300,1
34208.867464836,3,11885481,25,2238300,-1
34208.869547393,1,11885543,100,2238285,1
34208.872723778,1,11885544,10,2238295,1
34208.880380328,1,11885545,100,2238305,-1
34208.893367086,1,11885546,50,2238307,-1
34208.897100599,7,0,0,0,0
34208.903330925,1,11885547,25,2238298,1
34208.908313669,1,11885548,200,2238313,-1
34208.909614318,1,11885549,200,2238308,-1
34208.909955164,3,11885542,200,2238300,1
34208.920921543,1,11885550,10,2238311,-1
34208.933949795,2,11885290,12,2238300,-1
34208.936870883,1,11885551,1000,2238293,1
34208.939562311,1,11885552,10,2238319,-1
34208.955128099,1,11885553,10,2238320,-1
34208.969859571,1,11885554,10,2238302,-1
34208.980203979,3,11885294,50,2238300,1
34208.986895217,2,11885442,5,2238300,-1
34209.003269753,1,11885555,200,2238312,-1
34209.006155861,3,11885411,25,2238300,-1
34209.013980763,2,11885445,50,2238300,1
34209.017891665,4,11885326,10,2238297,-1
34209.023858845,2,11885509,500,2238300,-1
34209.023866046,1,11885556,100,2238299,1
34209.028392796,1,11885557,200,2238282,1
34209.030498394,3,11885320,25,2238300,1
34209.039992714,2,11885275,100,2238300,-1
34209.041004809,1,11885558,200,2238294,1
34209.043262266,1,11885559,100,2238316,-1
34209.055345891,1,11885560,500,2238299,1
34209.057687154,4,11885250,2,2238305,-1
34209.058313359,4,11885487,50,2238295,-1
34209.075665807,1,11885561,10,2238290,1
34209.078097995,1,11885562,100,2238282,1
34209.080243791,2,11885341,245,2238300,-1
34209.088417831,3,11885453,100,2238300,1
34209.099641530,1,11885563,200,2238294,1
34209.107625840,2,11885555,100,2238300,-1
34209.172215414,1,11885564,1000,2238318,-1
34209.176140717,3,11885498,100,2238300,1
34209.193636628,1,11885565,200,2238287,1
34209.219693404,4,11885510,100,2238295,1
34209.232651115,2,11885548,100,2238300,-1
34209.234102364,1,11885566,200,2238293,1
34209.234321767,2,11885402,50,2238300,1
34209.259468675,2,11885325,25,2238300,1
34209.260459005,1,11885567,500,2238312,-1
34209.263333918,1,11885568,500,2238319,-1
34209.276586511,3,11885337,90,2238300,-1
34209.283286217,3,11885262,2,2238300,1
34209.292330610,3,11885469,100,2238300,1
34209.293147889,3,11885450,10,2238300,1
34209.314333248,4,11885293,50,2238298,-1
34209.328103766,4,11885472,10,2238303,1
34209.328524309,1,11885569,10,2238295,1
34209.341676280,1,11885570,100,2238292,1
34209.357111297,1,11885571,200,2238319,-1
34209.365055401,1,11885572,200,2238305,-1
34209.371612421,1,11885573,100,2238282,1
34209.384917906,1,11885574,100,2238311,-1
34209.393498554,1,11885575,25,2238312,-1
34209.397722504,3,11885336,250,2238300,-1
34209.441665049,7,0,0,0,0
34209.447502778,1,11885576,100,2238293,1
34209.449198702,1,11885577,500,2238292,1
34209.475334700,3,11885162,65,2238300,1
34209.479539544,1,11885578,50,2238301,-1
34209.493010780,2,11885396,25,2238300,-1
34209.500969227,7,0,0,0,0
34209.512845995,1,11885579,25,2238291,1
34209.516186935,2,11885227,7,2238300,1
34209.522441088,1,11885580,200,2238312,-1
34209.522633715,2,11885379,50,2238300,1
34209.561650903,3,11885431,5,2238300,1
34209.568280229,1,11885581,1000,2238283,1
34209.576505673,1,11885582,100,2238311,-1
34209.590146725,2,11885458,50,2238300,1
34209.599961179,4,11885546,10,2238295,-1
34209.609790623,4,11885198,100,2238299,-1
34209.612347067,1,11885583,200,2238297,1
34209.619701725,4,11885377,10,2238304,1
34209.621359310,4,11885441,10,2238297,1
34209.623675570,2,11885360,50,2238300,-1
34209.643523261,3,11885558,200,2238300,1
34209.667554248,4,11885318,25,2238304,1
34209.692456912,2,11885293,25,2238300,-1
34209.694491979,1,11885584,200,2238289,1
34209.699837019,1,11885585,200,2238305,-1
34209.700966147,3,11885401,500,2238300,1
34209.710270158,2,11885379,25,2238300,1
34209.721897759,2,11885534,12,2238300,-1
34209.723337463,1,11885586,200,2238306,-1
34209.730099294,1,11885587,200,2238286,1
34209.730250575,1,11885588,10,2238293,1
34209.756437681,4,11885540,10,2238302,-1
34209.778293431,3,11885477,100,2238300,1
34209.791030265,4,11885586,25,2238303,-1
34209.801285570,1,11885589,100,2238285,1
34209.822303830,1,11885590,100,2238302,-1
34209.829563151,1,11885591,100,2238315,-1
34209.833195173,1,11885592,100,2238310,-1
34209.833756080,1,11885593,200,2238303,-1
34209.834957118,4,11885573,10,2238301,1
34209.838864768,1,11885594,10,2238285,1
34209.842781497,3,11885334,100,2238300,1
34209.855453276,1,11885595,10,2238312,-1
34209.867738633,4,11885332,10,2238301,-1
34209.868187624,1,11885596,200,2238294,1
34209.870158323,1,11885597,25,2238315,-1
34209.872151325,4,11885131,8,2238299,-1
34209.872274153,1,11885598,200,2238280,1
34209.874990644,1,11885599,10,2238315,-1
34209.884156105,2,11885581,500,2238300,1
34209.901310835,1,11885600,10,2238288,1
34209.920540636,3,11885423,200,2238300,-1
34209.924562009,1,11885601,100,2238294,1
34209.934006076,2,11885584,100,2238300,1
34209.935959162,2,11885206,220,2238300,1
34209.936936683,1,11885602,200,2238303,-1
34209.955471519,1,11885603,50,2238291,1
34209.960811743,1,11885604,100,2238296,1
34209.999612117,1,11885605,100,2238314,-1
34210.003417235,7,0,0,0,0
34210.007784523,2,11885563,100,2238300,1
34210.020847707,3,11885382,1000,2238300,1
34210.033177847,1,11885606,100,2238285,1
34210.034432637,3,11885505,100,2238300,-1
34210.039777694,2,11885369,250,2238300,1
34210.039891310,1,11885607,50,2238290,1
34210.047876245,1,11885608,100,2238311,-1
34210.056290896,3,11885357,50,2238300,-1
34210.060303359,2,11885539,12,2238300,1
34210.076261391,1,11885609,500,2238318,-1
34210.082469100,4,11885233,50,2238299,1
34210.090791874,2,11885183,37,2238300,-1
34210.093127127,3,11885465,100,2238300,-1
34210.093812197,3,11885456,1000,2238300,1
34210.134928387,3,11885594,10,2238300,1
34210.144234543,1,11885610,100,2238311,-1
34210.147402184,4,11885482,10,2238299,1
34210.149837431,1,11885611,500,2238293,1
34210.155703238,1,11885612,50,2238293,1
34210.162309495,1,11885613,200,2238305,-1
34210.163343692,2,11885306,25,2238300,-1
34210.165640178,1,11885614,50,2238299,1
34210.166090465,4,11885452,25,2238295,-1
34210.167178605,3,11885186,250,2238300,1
34210.175795680,4,11885445,10,2238299,1
34210.179034294,1,11885615,10,2238291,1
34210.182231347,2,11885566,100,2238300,1
34210.183311379,2,11885412,12,2238300,1
34210.184837727,1,11885616,10,2238294,1
34210.194337828,1,11885617,100,2238299,1
34210.205592400,1,11885618,25,2238313,-1
34210.214658809,3,11885528,100,2238300,1
34210.224238151,3,11885577,500,2238300,1
34210.225056171,3,11885596,200,2238300,1
34210.226469448,4,11885541,10,2238299,1
34210.238004716,1,11885619,10,2238292,1
34210.260609638,1,11885620,200,2238289,1
34210.282014631,1,11885621,50,2238304,-1
34210.288199513,3,11885616,10,2238300,1
34210.296748607,1,11885622,100,2238289,1
34210.297484254,1,11885623,100,2238308,-1
34210.305423857,1,11885624,200,2238307,-1
34210.314363530,1,11885625,100,2238318,-1
34210.316264069,3,11885600,10,2238300,1
34210.334388684,2,11885448,12,2238300,1
34210.342487465,1,11885626,100,2238303,-1
34210.354055453,3,11885449,10,2238300,-1
34210.360873473,1,11885627,500,2238281,1
34210.370983137,2,11885533,25,2238100,1
34210.378560118,2,11885362,250,2238100,1
34210.380862576,1,11885628,200,2238114,-1
34210.405527499,2,11885623,50,2238100,-1
34210.448520284,1,11885629,50,2238102,-1
34210.456480617,3,11885473,25,2238100,-1
34210.457642566,1,11885630,100,2238119,-1
34210.461471689,1,11885631,100,2238094,1
34210.463557033,4,11885515,10,2238105,1
34210.464898624,2,11885322,12,2238100,1
34210.477676226,1,11885632,10,2238097,1
34210.494072188,4,11885620,100,2238104,1
34210.496054226,2,11885533,12,2238100,1
34210.500910919,1,11885633,100,2238081,1
34210.514038138,1,11885634,1000,2238102,-1
34210.522434898,1,11885635,10,2238103,-1
34210.535576242,4,11885417,25,2238096,1
34210.542986113,1,11885636,200,2238082,1
34210.546733043,1,11885637,100,2238084,1
34210.570383510,1,11885638,25,2238110,-1
34210.570743163,3,11885597,25,2238100,-1
34210.573760204,2,11885604,50,2238100,1
34210.574290203,3,11885631,100,2238100,1
34210.574566979,1,11885639,25,2238091,1
34210.584132841,1,11885640,25,2238080,1
34210.593092089,1,11885641,200,2238091,1
34210.595786528,2,11885205,12,2238100,-1
34210.599984928,1,11885642,200,2238084,1
34210.605311344,2,11885639,12,2238100,1
34210.607141962,3,11885233,50,2238100,1
34210.617421481,1,11885643,100,2238085,1
34210.621007780,3,11885580,200,2238100,-1
34210.623669090,1,11885644,100,2238105,-1
34210.629373685,3,11885492,200,2238100,1
34210.640721057,2,11885215,4,2238100,1
34210.641745419,1,11885645,500,2238120,-1
34210.661289780,1,11885646,100,2238091,1
34210.666251676,3,11885615,10,2238100,1
34210.680970080,2,11885351,50,2238100,-1
34210.684728218,1,11885647,100,2238099,1
34210.692178188,1,11885648,25,2238109,-1
34210.692418046,4,11885377,90,2238105,1
34210.693716743,1,11885649,100,2238087,1
34210.716732321,4,11885290,13,2238099,-1
34210.720221779,1,11885650,200,2238109,-1
34210.732005528,3,11885405,50,2238100,-1
34210.733772494,3,11885497,200,2238100,-1
34210.738692376,1,11885651,100,2238106,-1
34210.745459639,2,11885351,25,2238100,-1
34210.755829634,2,11885529,5,2238100,1
34210.758293583,4,11885409,10,2238096,1
34210.759023725,3,11885183,38,2238100,-1
34210.781706759,2,11885214,25,2238100,1
34210.792631247,3,11885507,50,2238100,-1
34210.801179447,4,11885565,25,2238101,1
34210.819761591,3,11885592,100,2238100,-1
34210.822321447,2,11885560,250,2238100,1
34210.823613468,7,0,0,0,0
34210.827669715,1,11885652,100,2238088,1
34210.860092572,1,11885653,25,2238107,-1
34210.860493828,1,11885654,100,2238104,-1
34210.864945160,2,11885362,125,2238100,1
34210.866452726,3,11885626,100,2238100,-1
34210.869177182,3,11885654,100,2238100,-1
34210.872854987,3,11885543,100,2238100,1
34210.906839241,1,11885655,100,2238102,-1
34210.909217730,2,11885591,50,2238100,-1
34210.910830616,4,11885213,30,2238102,1
34210.921438913,4,11885227,8,2238105,1
34210.922837717,1,11885656,100,2238104,-1
34210.924709322,3,11885295,10,2238100,1
34210.925921733,2,11885248,25,2238100,1
34210.942241306,3,11885518,10,2238100,1
34210.946160404,2,11885326,45,2238100,-1
34210.950040437,1,11885657,25,2238081,1
34210.950693525,3,11885350,50,2238100,1
34210.962610535,1,11885658,10,2238095,1
34210.981407706,3,11885180,50,2238100,1
34211.002579301,1,11885659,500,2238081,1
34211.007961650,3,11885315,100,2238100,-1
34211.010270386,2,11885527,25,2238100,-1
34211.013004941,2,11885638,12,2238100,-1
34211.014989456,4,11885655,50,2238099,-1
34211.019264317,1,11885660,1000,2238083,1
34211.028911801,4,11885583,10,2238105,1
34211.039680128,1,11885661,100,2238084,1
34211.041420800,1,11885662,25,2238110,-1
34211.044316062,4,11885553,10,2238095,-1
34211.070200263,3,11885571,200,2238100,-1
34211.077434342,1,11885663,100,2238119,-1
34211.082865528,4,11885396,25,2238100,-1
34211.085450413,1,11885664,500,2238087,1
34211.086214146,1,11885665,25,2238105,-1
34211.095615718,1,11885666,100,2238107,-1
34211.132729378,1,11885667,10,2238091,1
34211.151811279,1,11885668,500,2238108,-1
34211.161065502,2,11885649,50,2238100,1
34211.184665324,2,11885398,100,2238100,1
34211.185569763,1,11885669,100,2238081,1
34211.191782920,1,11885670,50,2238092,1
34211.200445244,2,11885341,122,2238100,-1
34211.224950844,1,11885671,1000,2238098,1
34211.238173765,1,11885672,200,2238116,-1
34211.250102561,1,11885673,200,2238082,1
34211.261916844,1,11885674,25,2238110,-1
34211.330522310,2,11885347,100,2238100,-1
34211.342672799,3,11885200,50,2238100,-1
34211.380146693,1,11885675,200,2238106,-1
34211.384773724,2,11885659,250,2238100,1
34211.385506945,1,11885676,100,2238090,1
34211.388651168,2,11885383,250,2238100,1
34211.404148333,4,11885246,25,2238105,1
34211.408673751,1,11885677,10,2238120,-1
34211.413237646,3,11885623,50,2238100,-1
34211.425593559,4,11885409,25,2238105,1
34211.432103893,2,11885386,62,2238100,1
34211.446094589,1,11885678,100,2238117,-1
34211.449340060,1,11885679,100,2238117,-1
34211.450649231,2,11885606,50,2238100,1
34211.473620351,1,11885680,500,2238093,1
34211.479742922,4,11885441,100,2238096,1
34211.480901127,2,11885583,95,2238100,1
34211.482532178,4,11885198,10,2238105,-1
34211.490328709,1,11885681,25,2238101,-1
34211.490978890,1,11885682,100,2238114,-1
34211.501643067,1,11885683,50,2238115,-1
34211.503058175,1,11885684,100,2238108,-1
34211.538368064,1,11885685,100,2238110,-1
34211.540187637,3,11885440,100,2238100,-1
34211.542199996,3,11885682,100,2238100,-1
34211.558021010,1,11885686,10,2238119,-1
34211.561037565,2,11885215,2,2238100,1
34211.571990342,1,11885687,1000,2238118,-1
34211.579618380,1,11885688,500,2238105,-1
34211.605903096,4,11885614,50,2238100,1
34211.616322881,4,11885634,25,2238104,-1
34211.629362426,1,11885689,500,2238084,1
34211.630863951,1,11885690,200,2238120,-1
34211.636769364,1,11885691,100,2238081,1
34211.651969146,1,11885692,200,2238082,1
34211.663272139,4,11885522,10,2238100,1
34211.672514659,1,11885693,10,2238113,-1
34211.691742734,1,11885694,50,2238112,-1
34211.729695641,1,11885695,200,2238114,-1
34211.733101324,4,11885539,13,2238101,1
34211.734604527,1,11885696,100,2238090,1
34211.754818202,1,11885697,10,2238103,-1
34211.765001603,1,11885698,200,2238119,-1
34211.766474163,1,11885699,200,2238102,-1
34211.770069423,1,11885700,10,2238108,-1
34211.770093920,4,11885668,25,2238105,-1
34211.781057472,1,11885701,10,2238099,1
34211.784303935,1,11885702,100,2238119,-1
34211.790032160,2,11885699,100,2238100,-1
34211.807085086,3,11885185,10,2238100,-1
34211.825746473,1,11885703,200,2238115,-1
34211.827202483,1,11885704,10,2238112,-1
34211.830650851,1,11885705,200,2238094,1
34211.839782869,1,11885706,25,2238110,-1
34211.851755075,2,11885494,12,2238100,-1
34211.869088933,2,11885510,50,2238100,1
34211.884176168,4,11885353,10,2238097,-1
34211.891175527,3,11885628,200,2238100,-1
34211.900679908,2,11885609,250,2238100,-1
34211.913146872,3,11885536,10,2238100,1
34211.919317836,3,11885191,950,2238100,-1
34211.925847841,1,11885707,100,2238120,-1
34211.960950640,1,11885708,10,2238092,1
34211.972800327,1,11885709,1000,2238095,1
34211.978330790,1,11885710,200,2238084,1
34211.978765262,3,11885601,100,2238100,1
34211.987759013,4,11885241,10,2238105,-1
34211.987862268,1,11885711,500,2238081,1
34211.989905263,1,11885712,50,2238119,-1
34211.991655434,3,11885413,10,2238100,1
34211.998685575,3,11885172,100,2238100,-1
34212.006211124,4,11885363,25,2238103,-1
34212.006254507,4,11885599,10,2238102,-1
34212.010818877,1,11885713,200,2238094,1
34212.050611795,2,11885535,12,2238100,-1
34212.051809156,1,11885714,10,2238083,1
34212.066175508,2,11885237,3,2238100,1
34212.067033788,1,11885715,200,2238120,-1
34212.078650797,1,11885716,1000,2238110,-1
34212.084236289,4,11885579,25,2238100,1
34212.086212233,1,11885717,100,2238087,1
34212.096957722,1,11885718,1000,2238119,-1
34212.110483694,1,11885719,50,2238107,-1
34212.119521409,1,11885720,25,2238116,-1
34212.132021360,1,11885721,100,2238112,-1
34212.141263718,1,11885722,200,2238105,-1
34212.142407021,1,11885723,10,2238099,1
34212.142950024,2,11885369,125,2238100,1
34212.147772940,1,11885724,100,2238097,1
34212.155111568,1,11885725,100,2238116,-1
34212.158145148,4,11885630,10,2238095,-1
34212.204935000,1,11885726,200,2238111,-1
34212.210778935,1,11885727,100,2238106,-1
34212.212223278,1,11885728,100,2238081,1
34212.223013687,2,11885581,250,2238100,1
34212.231274883,1,11885729,100,2238116,-1
34212.236019784,3,11885446,90,2238100,1
34212.239883511,1,11885730,200,2238112,-1
34212.248653417,2,11885521,100,2238100,1
34212.249677622,1,11885731,100,2238102,-1
34212.252522679,2,11885707,50,2238100,-1
34212.253200118,1,11885732,50,2238082,1
34212.259378834,2,11885548,50,2238100,-1
34212.262479731,2,11885475,50,2238100,-1
34212.267223665,2,11885589,50,2238100,1
34212.268277900,1,11885733,100,2238106,-1
34212.272793006,1,11885734,25,2238082,1
34212.275873964,2,11885403,95,2238100,-1
34212.285670858,3,11885649,50,2238100,1
34212.286666118,1,11885735,25,2238114,-1
34212.302545414,1,11885736,100,2238114,-1
34212.306304763,1,11885737,25,2238118,-1
34212.306492549,4,11885648,25,2238105,-1
34212.339225097,1,11885738,200,2238119,-1
34212.339842592,1,11885739,200,2238095,1
34212.354346872,1,11885740,200,2238093,1
34212.357452077,1,11885741,25,2238087,1
34212.359076823,3,11885467,1000,2238100,-1
34212.365316014,1,11885742,10,2238093,1
34212.366782824,3,11885695,200,2238100,-1
34212.374783605,1,11885743,10,2238101,-1
34212.397465971,1,11885744,500,2238086,1
34212.408603394,1,11885745,10,2238092,1
34212.421864061,2,11885653,12,2238100,-1
34212.451756495,1,11885746,100,2238092,1
34212.466592960,3,11885736,100,2238100,-1
34212.471535114,1,11885747,10,2238107,-1
34212.473460703,1,11885748,10,2238119,-1
34212.481085032,1,11885749,100,2238116,-1
34212.514138998,4,11885511,25,2238100,1
34212.531363125,4,11885667,10,2238105,1
34212.547404710,4,11885703,10,2238103,-1
34212.552261004,3,11885710,200,2238100,1
34212.553562703,4,11885526,10,2238101,-1
34212.579805411,1,11885750,25,2238090,1
34212.601900616,2,11885688,250,2238100,-1
34212.607114239,4,11885591,25,2238101,-1
34212.633218559,1,11885751,100,2238094,1
34212.640277530,2,11885634,487,2238100,-1
34212.653663455,1,11885752,100,2238094,1
34212.669318590,1,11885753,100,2238111,-1
34212.670493238,3,11885691,100,2238100,1
34212.684897057,2,11885479,25,2238100,1
34212.690902553,1,11885754,200,2238081,1
34212.706973393,1,11885755,200,2238087,1
34212.735933557,1,11885756,100,2238082,1
34212.745785341,4,11885383,10,2238097,1
34212.746295989,2,11885346,6,2238100,1
34212.747228786,4,11885322,10,2238103,1
34212.752940891,1,11885757,25,2238104,-1
34212.755211721,3,11885435,25,2238100,-1
34212.758607961,1,11885758,25,2238080,1
34212.775985725,1,11885759,200,2238086,1
34212.776277677,1,11885760,50,2238108,-1
34212.787806263,1,11885761,1000,2238089,1
34212.792873848,1,11885762,25,2238120,-1
34212.793875139,1,11885763,500,2238084,1
34212.851133692,4,11885664,25,2238095,1
34212.851187446,1,11885764,10,2238112,-1
34212.873464630,1,11885765,100,2238083,1
34212.877607318,1,11885766,25,2238105,-1
34212.881365453,1,11885767,500,2238112,-1
34212.884691209,2,11885753,50,2238100,-1
34212.910825459,1,11885768,200,2238089,1
34212.917583931,2,11885698,100,2238100,-1
34212.927707879,1,11885769,25,2238092,1
34212.934061333,1,11885770,10,2238084,1
34212.938469978,1,11885771,200,2238104,-1
34212.958634969,1,11885772,200,2238106,-1
34212.972495379,2,11885701,5,2238100,1
34212.981306483,4,11885620,50,2238097,1
34212.986692203,3,11885708,10,2238100,1
34212.987682732,1,11885773,50,2238087,1
34213.014154415,1,11885774,100,2238097,1
34213.026454389,2,11885437,2,2238100,-1
34213.035473442,4,11885697,10,2238102,-1
34213.039402616,3,11885774,100,2238100,1
34213.047822764,1,11885775,200,2238111,-1
34213.061440733,2,11885293,12,2238100,-1
34213.066529982,4,11885534,10,2238098,-1
34213.068308586,1,11885776,25,2238096,1
34213.084458138,4,11885715,25,2238100,-1
34213.095409929,2,11885591,12,2238100,-1
34213.101305775,1,11885777,200,2238103,-1
34213.117965559,1,11885778,10,2238103,-1
34213.122147186,1,11885779,100,2238084,1
34213.132566445,1,11885780,50,2238084,1
34213.174035189,1,11885781,100,2238083,1
34213.182440893,4,11885610,10,2238101,-1
34213.187768529,3,11885422,50,2238100,-1
34213.192160676,3,11885198,390,2238100,-1
34213.193370331,1,11885782,10,2238087,1
34213.198753183,1,11885783,100,2238115,-1
34213.201833043,4,11885376,10,2238096,1
34213.215577859,4,11885307,10,2238095,-1
34213.215636502,1,11885784,100,2238115,-1
34213.235945341,2,11885593,100,2238100,-1
34213.239552171,2,11885720,12,2238100,-1
34213.250754713,1,11885785,10,2238103,-1
34213.250894444,1,11885786,25,2238099,1
34213.261353406,1,11885787,50,2238097,1
34213.267578905,1,11885788,200,2238095,1
34213.273471570,1,11885789,25,2238119,-1
34213.276964754,1,11885790,10,2238101,-1
34213.295779158,1,11885791,100,2238119,-1
34213.303860351,1,11885792,100,2238117,-1
34213.313314851,3,11885593,100,2238100,-1
34213.315953280,1,11885793,10,2238118,-1
34213.338291074,1,11885794,500,2238120,-1
34213.342549244,1,11885795,100,2238107,-1
34213.348313748,2,11885718,500,2238100,-1
34213.352456077,3,11885702,100,2238100,-1
34213.358775982,3,11885531,100,2238100,1
34213.390915703,2,11885747,5,2238100,-1
34213.395382568,4,11885355,3,2238099,1
34213.407116925,1,11885796,10,2238093,1
34213.413893320,4,11885605,10,2238098,-1
34213.422031350,1,11885797,100,2238112,-1
34213.423951613,2,11885786,12,2238100,1
34213.424609438,2,11885325,12,2238100,1
34213.432864379,7,0,0,0,0
34213.448230241,3,11885645,500,2238100,-1
34213.451343041,2,11885619,5,2238100,1
34213.460613764,1,11885798,500,2238115,-1
34213.474709981,3,11885677,10,2238100,-1
34213.489949754,3,11885242,25,2238100,-1
34213.497028418,1,11885799,10,2238088,1
34213.500483267,2,11885750,12,2238100,1
34213.520923448,1,11885800,200,2238096,1
34213.526705726,3,11885421,10,2238100,-1
34213.544712519,1,11885801,25,2238097,1
34213.557272191,2,11885424,50,2238100,-1
34213.558916354,1,11885802,200,2238095,1
34213.564250636,1,11885803,100,2238101,-1
34213.578954000,2,11885269,12,2238100,-1
34213.579839889,4,11885364,10,2238101,1
34213.594077458,2,11885660,500,2238100,1
34213.594672940,3,11885713,200,2238100,1
34213.615532634,1,11885804,500,2238111,-1
34213.615611970,2,11885347,50,2238100,-1
34213.627661539,1,11885805,500,2238112,-1
34213.642874119,1,11885806,10,2238103,-1
34213.646946180,3,11885332,40,2238100,-1
34213.654295662,1,11885807,50,2238117,-1
34213.664393039,4,11885639,13,2238098,1
34213.682244592,1,11885808,200,2238098,1
34213.685252352,1,11885809,25,2238085,1
34213.698602993,4,11885792,50,2238104,-1
34213.706940825,2,11885636,100,2238100,1
34213.725551648,1,11885810,100,2238087,1
34213.728396963,2,11885801,12,2238100,1
34213.743472525,1,11885811,10,2238114,-1
34213.744114644,1,11885812,50,2238103,-1
34213.751585517,2,11885544,5,2238100,1
34213.772143923,2,11885569,5,2238100,1
34213.783824121,3,11885556,100,2238100,1
34213.801186148,1,11885813,1000,2238105,-1
34213.808384869,2,11885582,50,2238100,-1
34213.814797165,4,11885524,100,2238096,1
34213.824000158,1,11885814,100,2238102,-1
34213.825252868,1,11885815,10,2238116,-1
34213.826794518,1,11885816,25,2238110,-1
34213.843894013,1,11885817,200,2238103,-1
34213.849299564,2,11885502,7,2238100,-1
34213.864502364,3,11885683,50,2238100,-1
34213.865927332,2,11885771,100,2238100,-1
34213.871904418,4,11885491,10,2238104,1
34213.882825820,1,11885818,100,2238111,-1
34213.914545621,3,11885709,1000,2238100,1
34213.915472586,1,11885819,100,2238118,-1
34213.925798421,4,11885643,25,2238095,1
34213.957332300,3,11885618,25,2238100,-1
34213.980049395,4,11885376,40,2238099,1
34213.995502627,3,11885669,100,2238100,1
34214.001376625,2,11885549,100,2238100,-1
34214.010265643,4,11885506,10,2238101,-1
34214.010509153,1,11885820,1000,2238096,1
34214.018313196,1,11885821,50,2238095,1
34214.023543467,2,11885494,6,2238100,-1
34214.025545771,1,11885822,10,2238089,1
34214.047896066,4,11885326,10,2238098,-1
34214.061844725,1,11885823,25,2238104,-1
34214.065676916,1,11885824,100,2238086,1
34214.090180240,2,11885674,12,2238100,-1
34214.101422540,2,11885789,12,2238100,-1
34214.102764385,1,11885825,50,2238095,1
34214.144969394,2,11885563,50,2238100,1
34214.177502025,1,11885826,25,2238120,-1
34214.213286791,1,11885827,1000,2238613,-1
34214.231766196,3,11885459,500,2238600,1
34214.232231712,2,11885478,50,2238600,-1
34214.233171689,3,11885758,25,2238600,1
34214.241301792,1,11885828,100,2238611,-1
34214.280243794,1,11885829,25,2238611,-1
34214.312183841,4,11885341,25,2238595,-1
34214.321568865,1,11885830,100,2238586,1
34214.333492271,1,11885831,100,2238597,1
34214.355801633,1,11885832,1000,2238588,1
34214.360523717,1,11885833,100,2238596,1
34214.388051240,1,11885834,100,2238591,1
34214.400402359,3,11885701,5,2238600,1
34214.404014620,1,11885835,10,2238612,-1
34214.410803865,2,11885153,1,2238600,1
34214.412986505,1,11885836,100,2238619,-1
34214.414855550,3,11885731,100,2238600,-1
34214.426324660,1,11885837,10,2238597,1
34214.453439731,4,11885763,50,2238598,1
34214.472256607,4,11885735,25,2238599,-1
34214.483672233,1,11885838,200,2238602,-1
34214.487573062,1,11885839,100,2238583,1
34214.492058957,4,11885410,10,2238601,1
34214.499660598,1,11885840,200,2238603,-1
34214.516146175,1,11885841,500,2238603,-1
34214.518338647,1,11885842,100,2238599,1
34214.534844324,2,11885503,50,2238600,1
34214.553201913,1,11885843,200,2238602,-1
34214.560534837,1,11885844,100,2238604,-1
34214.569184505,1,11885845,50,2238587,1
34214.588003019,1,11885846,50,2238602,-1
34214.597842967,2,11885659,125,2238600,1
34214.598379118,1,11885847,200,2238608,-1
34214.613866066,1,11885848,200,2238614,-1
34214.623521678,4,11885792,10,2238603,-1
34214.627499530,1,11885849,200,2238581,1
34214.629651464,2,11885438,250,2238600,-1
34214.634042581,2,11885381,12,2238600,-1
34214.636828515,1,11885850,100,2238619,-1
34214.668952820,1,11885851,100,2238595,1
34214.678199312,4,11885633,25,2238605,1
34214.679761178,3,11885659,125,2238600,1
34214.699330034,1,11885852,200,2238593,1
34214.703508730,2,11885591,6,2238600,-1
34214.712665697,2,11885503,25,2238600,1
34214.722239510,1,11885853,100,2238602,-1
34214.747490997,2,11885590,50,2238600,-1
34214.757270532,3,11885810,100,2238600,1
34214.761297946,1,11885854,50,2238599,1
34214.762063854,1,11885855,25,2238615,-1
34214.770875175,1,11885856,25,2238593,1
34214.772788555,3,11885506,240,2238600,-1
34214.791596704,1,11885857,500,2238591,1
34214.791808876,1,11885858,500,2238589,1
34214.795448352,3,11885727,100,2238600,-1
34214.797328045,3,11885704,10,2238600,-1
34214.818670300,1,11885859,200,2238595,1
34214.820798288,1,11885860,500,2238608,-1
34214.835198716,4,11885471,50,2238600,1
34214.838037896,1,11885861,1000,2238583,1
34214.859738939,1,11885862,10,2238620,-1
34214.866844188,2,11885627,250,2238600,1
34214.871532489,1,11885863,100,2238617,-1
34214.884107978,1,11885864,100,2238619,-1
34214.886429816,1,11885865,25,2238587,1
34214.891964066,1,11885866,100,2238609,-1
34214.893406585,1,11885867,100,2238608,-1
34214.899666202,1,11885868,100,2238614,-1
34214.915988380,1,11885869,25,2238585,1
34214.926354755,1,11885870,500,2238591,1
34214.927390700,1,11885871,25,2238589,1
34214.931384158,3,11885743,10,2238600,-1
34214.950056420,2,11885343,50,2238600,1
34215.014465848,3,11885865,25,2238600,1
34215.017492255,1,11885872,500,2238613,-1
34215.034744184,1,11885873,25,2238587,1
34215.047593695,1,11885874,50,2238615,-1
34215.048491584,1,11885875,100,2238607,-1
34215.067661011,1,11885876,500,2238590,1
34215.067758294,3,11885509,500,2238600,-1
34215.070313549,3,11885788,200,2238600,1
34215.085393352,1,11885877,200,2238581,1
34215.110922320,4,11885501,10,2238604,1
34215.135427627,1,11885878,500,2238607,-1
34215.136085919,1,11885879,500,2238619,-1
34215.146274784,1,11885880,200,2238598,1
34215.155522145,1,11885881,25,2238610,-1
34215.158962631,1,11885882,10,2238617,-1
34215.162919344,1,11885883,100,2238595,1
34215.169425033,4,11885844,10,2238598,-1
34215.173132151,2,11885360,25,2238600,-1
34215.182388228,2,11885625,50,2238600,-1
34215.195003260,1,11885884,10,2238585,1
34215.200098806,2,11885868,50,2238600,-1
34215.208520594,1,11885885,25,2238597,1
34215.229806414,3,11885762,25,2238600,-1
34215.245525272,3,11885837,10,2238600,1
34215.247450522,4,11885775,10,2238601,-1
34215.271622975,2,11885549,50,2238600,-1
34215.283617630,4,11885358,10,2238605,1
34215.291333855,1,11885886,100,2238584,1
34215.305682854,1,11885887,200,2238583,1
34215.309628301,1,11885888,10,2238585,1
34215.319813380,1,11885889,200,2238613,-1
34215.324866361,1,11885890,100,2238589,1
34215.331107155,1,11885891,10,2238585,1
34215.348278872,1,11885892,10,2238580,1
34215.351762322,1,11885893,100,2238599,1
34215.353428731,1,11885894,25,2238582,1
34215.365360456,3,11885720,13,2238600,-1
34215.376223537,1,11885895,10,2238615,-1
34215.376270304,3,11885880,200,2238600,1
34215.379143123,1,11885896,10,2238586,1
34215.379289793,2,11885261,95,2238600,-1
34215.381781689,3,11885828,100,2238600,-1
34215.392691367,1,11885897,50,2238589,1
34215.402547412,4,11885550,10,2238596,-1
34215.405192383,1,11885898,100,2238587,1
34215.405312921,1,11885899,50,2238620,-1
34215.406009973,1,11885900,100,2238604,-1
34215.421676620,2,11885434,5,2238600,1
34215.453626920,4,11885755,10,2238597,1
34215.457662288,4,11885489,100,2238605,-1
34215.464242606,2,11885681,12,2238600,-1
34215.470201206,3,11885629,50,2238600,-1
34215.479055634,1,11885901,25,2238590,1
34215.484650504,1,11885902,100,2238588,1
34215.486907119,2,11885419,5,2238600,-1
34215.512599894,4,11885782,10,2238597,1
34215.515858947,3,11885641,200,2238600,1
34215.531550537,3,11885791,100,2238600,-1
34215.531790322,1,11885903,100,2238593,1
34215.555502394,1,11885904,200,2238580,1
34215.562872798,2,11885264,250,2238600,1
34215.583264761,1,11885905,10,2238593,1
34215.585172442,3,11885392,25,2238600,-1
34215.587868377,3,11885486,10,2238600,1
34215.589661544,1,11885906,25,2238590,1
34215.595608530,1,11885907,500,2238603,-1
34215.600064871,1,11885908,100,2238617,-1
34215.605746426,4,11885613,10,2238601,-1
34215.611322058,4,11885479,25,2238597,1
34215.619370717,1,11885909,25,2238615,-1
34215.627629326,1,11885910,10,2238607,-1
34215.629731918,2,11885779,50,2238600,1
34215.634420086,1,11885911,100,2238612,-1
34215.638099046,1,11885912,100,2238596,1
34215.646437139,1,11885913,100,2238612,-1
34215.653143598,2,11885737,12,2238600,-1
34215.658010347,1,11885914,500,2238602,-1
34215.662495340,1,11885915,100,2238591,1
34215.691366850,1,11885916,10,2238599,1
34215.692335327,1,11885917,500,2238583,1
34215.713210562,1,11885918,1000,2238617,-1
34215.723954230,1,11885919,10,2238603,-1
34215.732454853,3,11885451,200,2238600,1
34215.746267128,1,11885920,1000,2238601,-1
34215.763216507,1,11885921,100,2238617,-1
34215.766618061,1,11885922,25,2238595,1
34215.768626799,1,11885923,25,2238594,1
34215.782486372,1,11885924,100,2238615,-1
34215.792279249,1,11885925,50,2238603,-1
34215.795519421,2,11885613,95,2238600,-1
34215.802159079,1,11885926,100,2238601,-1
34215.817727874,1,11885927,100,2238587,1
34215.861076895,4,11885611,50,2238604,1
34215.866688503,4,11885495,50,2238600,1
34215.877627087,1,11885928,200,2238611,-1
34215.877657982,1,11885929,100,2238599,1
34215.897983964,2,11885632,5,2238600,1
34215.902579428,2,11885903,50,2238600,1
34215.909813719,1,11885930,100,2238601,-1
34215.930483671,3,11885870,500,2238600,1
34215.933143642,3,11885364,3,2238600,1
34215.937425873,4,11885906,25,2238596,1
34215.950678909,1,11885931,200,2238583,1
34215.966043663,1,11885932,50,2238603,-1
34215.977223515,4,11885517,50,2238596,-1
34215.983804569,1,11885933,10,2238597,1
34216.033953218,4,11885740,50,2238599,1
34216.036442654,1,11885934,500,2238595,1
34216.046481536,3,11885747,5,2238600,-1
34216.067034148,3,11885338,200,2238600,-1
34216.077362015,3,11885805,500,2238600,-1
34216.087972858,4,11885867,50,2238598,-1
34216.090971673,1,11885935,500,2238619,-1
34216.104621611,1,11885936,100,2238613,-1
34216.104638410,2,11885814,50,2238600,-1
34216.143683671,1,11885937,100,2238583,1
34216.152618596,1,11885938,10,2238611,-1
34216.181246341,1,11885939,100,2238605,-1
34216.182823068,3,11885269,13,2238600,-1
34216.191958022,7,0,0,0,0
34216.193275797,3,11885913,100,2238600,-1
34216.203247472,1,11885940,1000,2238602,-1
34216.207299292,1,11885941,500,2238598,1
34216.222262114,3,11885705,200,2238600,1
34216.263860256,3,11885244,5,2238600,1
34216.271799724,2,11885770,5,2238600,1
34216.285976096,2,11885681,6,2238600,-1
34216.289294025,3,11885823,25,2238600,-1
34216.290317892,3,11885318,75,2238600,1
34216.309276415,1,11885942,10,2238581,1
34216.321182227,1,11885943,200,2238593,1
34216.321273972,2,11885485,5,2238600,1
34216.325998932,2,11885522,45,2238600,1
34216.352033853,4,11885537,100,2238596,1
34216.391293429,2,11885487,25,2238600,-1
34216.401154462,1,11885944,100,2238587,1
34216.412801473,2,11885804,250,2238600,-1
34216.427755863,2,11885383,120,2238600,1
34216.442794523,2,11885674,6,2238600,-1
34216.452800314,1,11885945,10,2238597,1
34216.463056051,1,11885946,100,2238609,-1
34216.464049319,1,11885947,100,2238610,-1
34216.465096718,4,11885548,10,2238595,-1
34216.470102114,3,11885930,100,2238600,-1
34216.470762782,2,11885441,7,2238600,1
34216.484767048,2,11885429,100,2238600,-1
34216.486759661,1,11885948,10,2238611,-1
34216.488138681,1,11885949,10,2238602,-1
34216.489470763,4,11885526,10,2238605,-1
34216.489471618,4,11885699,25,2238602,-1
34216.490978162,1,11885950,100,2238620,-1
34216.493333354,3,11885621,50,2238600,-1
34216.493707610,4,11885587,100,2238604,1
34216.501738807,1,11885951,100,2238603,-1
34216.504758976,1,11885952,500,2238603,-1
34216.516045332,1,11885953,100,2238597,1
34216.519184219,2,11885802,100,2238600,1
34216.527477145,2,11885516,5,2238600,1
34216.532919013,7,0,0,0,0
34216.538604039,2,11885366,50,2238600,-1
34216.541752862,2,11885842,50,2238600,1
34216.542435216,1,11885954,10,2238609,-1
34216.558434913,1,11885955,500,2238587,1
34216.573701224,2,11885722,100,2238600,-1
34216.582588637,1,11885956,200,2238619,-1
34216.590608045,4,11885525,10,2238601,1
34216.592600759,2,11885838,100,2238600,-1
34216.599079856,1,11885957,10,2238595,1
34216.607462991,4,11885800,25,2238598,1
34216.618801715,1,11885958,200,2238612,-1
34216.625777871,1,11885959,100,2238590,1
34216.626687433,3,11885384,50,2238600,1
34216.636757158,1,11885960,100,2238594,1
34216.637640937,4,11885206,100,2238601,1
34216.648942990,1,11885961,100,2238617,-1
34216.660237030,1,11885962,25,2238580,1
34216.678039140,1,11885963,1000,2238608,-1
34216.688861829,7,0,0,0,0
34216.717855398,1,11885964,100,2238606,-1
34216.739220222,1,11885965,200,2238588,1
34216.746429198,1,11885966,50,2238606,-1
34216.747630934,1,11885967,25,2238590,1
34216.751105892,3,11885829,25,2238600,-1
34216.753558036,4,11885961,50,2238595,-1
34216.780955671,3,11885326,35,2238600,-1
34216.785352264,1,11885968,10,2238604,-1
34216.807442872,1,11885969,100,2238586,1
34216.808328384,1,11885970,10,2238584,1
34216.823001156,1,11885971,50,2238610,-1
34216.845275318,1,11885972,10,2238615,-1
34216.849640818,1,11885973,25,2238596,1
34216.850051708,3,11885264,250,2238600,1
34216.851798963,1,11885974,100,2238604,-1
34216.859786788,3,11885750,13,2238600,1
34216.873693423,1,11885975,10,2238605,-1
34216.874834965,1,11885976,10,2238592,1
34216.892544877,2,11885201,25,2238600,-1
34216.898242295,1,11885977,100,2238608,-1
34216.911307836,1,11885978,1000,2238591,1
34216.914149444,1,11885979,100,2238583,1
34216.916240235,2,11885494,3,2238600,-1
34216.918845889,1,11885980,100,2238595,1
34216.928429194,1,11885981,50,2238617,-1
34216.938461578,1,11885982,100,2238602,-1
34216.948786261,1,11885983,100,2238612,-1
34216.951622745,1,11885984,100,2238598,1
34216.955503511,1,11885985,25,2238586,1
34216.985131939,1,11885986,100,2238599,1
34216.999848878,1,11885987,100,2238619,-1
34217.004494539,1,11885988,500,2238603,-1
34217.005892740,1,11885989,100,2238593,1
34217.031862388,2,11885772,100,2238600,-1
34217.035450251,3,11885983,100,2238600,-1
34217.048207427,1,11885990,1000,2238618,-1
34217.070737096,3,11885879,500,2238600,-1
34217.071438194,4,11885953,50,2238597,1
34217.080579965,1,11885991,10,2238581,1
34217.116506207,3,11885944,100,2238600,1
34217.128048333,4,11885522,10,2238603,1
34217.132895858,1,11885992,25,2238607,-1
34217.134639429,2,11885964,50,2238600,-1
34217.140717218,2,11885722,50,2238600,-1
34217.159854800,1,11885993,25,2238594,1
34217.167481183,2,11885684,50,2238600,-1
34217.193688166,3,11885644,100,2238600,-1
34217.239286568,1,11885994,1000,2238620,-1
34217.243210505,4,11885666,25,2238601,-1
34217.266071302,4,11885206,50,2238598,1
34217.279182305,1,11885995,100,2238582,1
34217.299430471,2,11885819,50,2238600,-1
34217.328554737,2,11885581,125,2238600,1
34217.345529073,1,11885996,100,2238605,-1
34217.358615442,1,11885997,100,2238603,-1
34217.364766016,1,11885998,100,2238606,-1
34217.364978735,1,11885999,25,2238620,-1
34217.366528006,1,11886000,200,2238604,-1
34217.368004788,1,11886001,100,2238587,1
34217.369170525,3,11885298,925,2238600,-1
34217.370588224,1,11886002,500,2238599,1
34217.371712511,1,11886003,10,2238593,1
34217.385970007,3,11885729,100,2238600,-1
34217.390001030,1,11886004,10,2238618,-1
34217.407426433,1,11886005,10,2238605,-1
34217.409966492,1,11886006,25,2238610,-1
34217.431085321,4,11885428,5,2238596,1
34217.433628084,1,11886007,50,2238580,1
34217.438098669,1,11886008,10,2238580,1
34217.443695824,1,11886009,500,2238605,-1
34217.455316481,1,11886010,500,2238591,1
34217.466155640,3,11885368,50,2238600,-1
34217.481707795,4,11885495,10,2238601,1
34217.487626261,4,11885348,10,2238601,1
34217.519711882,1,11886011,200,2238594,1
34217.524059927,1,11886012,200,2238620,-1
34217.528116555,2,11885646,50,2238600,1
34217.532948420,2,11885948,5,2238600,-1
34217.540551432,1,11886013,100,2238617,-1
34217.552376773,3,11885630,90,2238600,-1
34217.556866390,4,11885802,25,2238597,1
34217.582237332,1,11886014,100,2238590,1
34217.600270735,4,11885869,10,2238598,1
34217.600845604,4,11885487,10,2238595,-1
34217.612756911,1,11886015,10,2238581,1
34217.630923819,1,11886016,10,2238605,-1
34217.631725787,3,11885502,8,2238600,-1
34217.646225275,1,11886017,100,2238616,-1
34217.650340162,2,11885706,12,2238600,-1
34217.651519743,2,11885541,20,2238600,1
34217.658517341,3,11885908,100,2238600,-1
34217.666595201,4,11885960,10,2238598,1
34217.672105954,4,11885981,10,2238597,-1
34217.685697990,1,11886018,200,2238606,-1
34217.722989754,1,11886019,50,2238616,-1
34217.733258928,1,11886020,25,2238614,-1
34217.734406315,2,11885771,50,2238600,-1
34217.734690812,2,11885346,3,2238600,1
34217.737072241,4,11885562,25,2238605,1
34217.763551473,1,11886021,1000,2238581,1
34217.770164219,1,11886022,1000,2238601,-1
34217.784094566,2,11885746,50,2238600,1
34217.798031474,4,11885403,10,2238603,-1
34217.799096228,1,11886023,100,2238616,-1
34217.818203489,1,11886024,500,2238603,-1
34217.819182825,4,11885484,50,2238597,1
34217.869414909,7,0,0,0,0
34217.878798711,3,11885900,100,2238600,-1
34217.894186263,1,11886025,500,2238602,-1
34217.909066212,1,11886026,100,2238595,1
34217.960924188,1,11886027,200,2238618,-1
34217.976888568,1,11886028,25,2238611,-1
34217.980392773,2,11885793,5,2238600,-1
34217.981327413,3,11885665,25,2238600,-1
34218.024117284,3,11885895,10,2238600,-1
34218.034623854,1,11886029,50,2238602,-1
34218.038001336,2,11885461,5,2238600,1
34218.043814311,2,11885746,25,2238600,1
34218.048493299,2,11885673,100,2238600,1
34218.069482285,1,11886030,100,2238592,1
34218.077710298,1,11886031,100,2238606,-1
34218.096940093,4,11885398,10,2238602,1
34218.107225858,1,11886032,200,2238594,1
34218.132170623,3,11885575,25,2238600,-1
34218.137304252,1,11886033,100,2238607,-1
34218.143771078,1,11886034,10,2238584,1
34218.146172324,4,11885826,10,2238600,-1
34218.161757829,1,11886035,500,2238599,1
34218.173267568,2,11885380,25,2238600,-1
34218.174796025,1,11886036,100,2238614,-1
34218.185871881,3,11885393,100,2238600,-1
34218.208405697,4,11885725,10,2238600,-1
34218.236868764,2,11885522,17,2238600,1
34218.270562796,4,11885839,50,2238603,1
34218.285844711,1,11886037,100,2238589,1
34218.303189271,3,11885753,50,2238600,-1
34218.303332155,4,11885964,50,2238596,-1
34218.319035136,1,11886038,500,2238585,1
34218.338502936,2,11885404,25,2238600,1
34218.338874618,1,11886039,50,2238580,1
34218.343153038,4,11885216,10,2238600,-1
34218.343316275,2,11885455,5,2238600,-1
34218.355333268,1,11886040,50,2238612,-1
34218.363152331,3,11885436,475,2238600,1
34218.389236487,1,11886041,100,2238582,1
34218.392591605,2,11885707,25,2238600,-1
34218.404701332,4,11885409,15,2238596,1
34218.405640460,4,11885417,25,2238604,1
34218.431844826,1,11886042,200,2238590,1
34218.434225762,2,11885441,4,2238600,1
34218.436401854,1,11886043,500,2238614,-1
34218.446754270,1,11886044,100,2238608,-1
34218.449868679,1,11886045,10,2238608,-1
34218.473844128,1,11886046,200,2238617,-1
34218.483005677,4,11885889,10,2238601,-1
34218.485145786,3,11885888,10,2238600,1
34218.486525432,4,11885547,10,2238600,1
34218.493808557,1,11886047,10,2238583,1
34218.502410821,3,11885675,200,2238600,-1
34218.520571622,1,11886048,10,2238597,1
34218.520687674,1,11886049,50,2238581,1
34218.534248804,1,11886050,25,2238606,-1
34218.557067734,2,11885656,50,2238600,-1
34218.570025422,1,11886051,25,2238602,-1
34218.597355394,2,11885416,45,2238600,1
34218.598531204,1,11886052,25,2238590,1
34218.600523372,3,11885591,7,2238600,-1
34218.605479462,1,11886053,500,2238584,1
34218.606273278,1,11886054,200,2238615,-1
34218.608255427,1,11886055,1000,2238596,1
34218.658990504,2,11886020,12,2238600,-1
34218.659040775,1,11886056,100,2238593,1
34218.666718495,3,11885609,250,2238600,-1
34218.686883107,1,11886057,25,2238605,-1
34218.699893228,1,11886058,500,2238607,-1
34218.704178826,1,11886059,100,2238614,-1
34218.709286118,1,11886060,10,2238613,-1
34218.725043888,1,11886061,100,2238584,1
34218.730952642,1,11886062,10,2238620,-1
34218.735782248,1,11886063,25,2238585,1
34218.736125678,2,11885728,50,2238600,1
34218.745386112,4,11886005,10,2238595,-1
34218.746603834,1,11886064,25,2238588,1
34218.749026895,1,11886065,10,2238604,-1
34218.760683793,1,11886066,100,2238608,-1
34218.765554736,2,11885416,22,2238600,1
34218.773786354,4,11885366,25,2238605,-1
34218.779263846,1,11886067,25,2238607,-1
34218.795495421,7,0,0,0,0
34218.800964048,1,11886068,50,2238619,-1
34218.809554031,2,11886052,12,2238600,1
34218.853744892,1,11886069,500,2238602,-1
34218.878759459,2,11885353,20,2238600,-1
34218.885106230,1,11886070,50,2238609,-1
34218.889350025,3,11885966,50,2238600,-1
34218.898825792,2,11885923,12,2238600,1
34218.905624877,4,11885827,100,2238596,-1
34218.905922133,1,11886071,200,2238589,1
34218.918804861,1,11886072,1000,2238618,-1
34218.946002601,1,11886073,10,2238596,1
34218.949630826,2,11885835,5,2238600,-1
34218.952776729,1,11886074,10,2238604,-1
34218.972574132,4,11885873,25,2238605,1
34218.973879471,2,11885962,12,2238600,1
34219.011323162,3,11885627,250,2238600,1
34219.012286061,3,11885804,250,2238600,-1
34219.020462179,2,11885589,25,2238600,1
34219.032335469,1,11886075,100,2238599,1
34219.038649414,1,11886076,200,2238607,-1
34219.052987573,1,11886077,100,2238615,-1
34219.071813630,1,11886078,1000,2238613,-1
34219.092052472,3,11885566,100,2238600,1
34219.092763558,2,11886059,50,2238600,-1
34219.103215685,4,11885430,10,2238602,1
34219.105286293,2,11885925,25,2238600,-1
34219.109624272,2,11885808,100,2238600,1
34219.115271348,2,11885987,50,2238600,-1
34219.119332094,1,11886079,200,2238587,1
34219.124824092,1,11886080,100,2238617,-1
34219.132135043,1,11886081,25,2238596,1
34219.132681060,1,11886082,10,2238582,1
34219.135248904,3,11885852,200,2238600,1
34219.140239281,3,11885692,200,2238600,1
34219.147074650,1,11886083,25,2238620,-1
34219.147105767,4,11885954,10,2238598,-1
34219.148971865,1,11886084,10,2238615,-1
34219.149100031,1,11886085,200,2238591,1
34219.150972067,1,11886086,100,2238616,-1
34219.157672378,1,11886087,100,2238581,1
34219.161106561,2,11885504,100,2238600,-1
34219.176034519,3,11885786,13,2238600,1
34219.182060572,4,11885678,25,2238599,-1
34219.186590690,1,11886088,200,2238617,-1
34219.206036731,2,11885438,125,2238600,-1
34219.209182982,2,11885510,25,2238600,1
34219.247644135,2,11885494,2,2238600,-1
34219.252063264,2,11885903,25,2238600,1
34219.256517076,1,11886089,500,2238604,-1
34219.277484502,4,11885925,25,2238603,-1
34219.279407642,1,11886090,100,2238613,-1
34219.308460435,1,11886091,10,2238620,-1
34219.324324141,3,11885801,13,2238600,1
34219.327726654,1,11886092,100,2238585,1
34219.335132946,2,11885529,2,2238600,1
34219.338751911,3,11885218,100,2238600,-1
34219.344800677,3,11885460,100,2238600,-1
34219.345347280,1,11886093,25,2238598,1
34219.349658467,4,11886050,10,2238596,-1
34219.362148068,3,11885909,25,2238600,-1
34219.370948255,1,11886094,25,2238612,-1
34219.382295841,1,11886095,500,2238591,1
34219.391384990,1,11886096,10,2238619,-1
34219.405980541,1,11886097,50,2238590,1
34219.409509279,1,11886098,200,2238587,1
34219.427458063,2,11885763,225,2238600,1
34219.434466131,1,11886099,100,2238614,-1
34219.467023324,4,11885255,25,2238601,-1
34219.467949182,4,11885661,25,2238600,1
34219.469310528,2,11885738,100,2238600,-1
34219.469860752,1,11886100,200,2238585,1
34219.490648039,1,11886101,200,2238591,1
34219.501142831,1,11886102,100,2238619,-1
34219.505167142,3,11886000,200,2238600,-1
34219.518613425,1,11886103,200,2238582,1
34219.525451428,2,11885522,9,2238600,1
34219.529030931,4,11885169,15,2238604,-1
34219.540671233,1,11886104,10,2238583,1
34219.542956484,3,11885926,100,2238600,-1
34219.547911157,1,11886105,200,2238606,-1
34219.566345105,3,11885920,1000,2238600,-1
34219.585957345,1,11886106,10,2238594,1
34219.599606529,2,11886041,50,2238600,1
34219.601842354,1,11886107,100,2238581,1
34219.612859515,2,11885430,20,2238600,1
34219.619095048,1,11886108,10,2238615,-1
34219.624028662,1,11886109,500,2238602,-1
34219.628409478,4,11885945,10,2238597,1
34219.632837218,2,11885811,5,2238600,-1
34219.656121430,2,11885554,5,2238600,-1
34219.666790219,3,11885797,100,2238600,-1
34219.672942488,1,11886110,10,2238613,-1
34219.691226234,4,11886104,10,2238604,1
34219.703553393,2,11885686,5,2238600,-1
34219.704939372,4,11885811,5,2238601,-1
34219.705638984,3,11885647,100,2238600,1
34219.706654223,4,11885970,10,2238598,1
34219.746461738,3,11885656,50,2238600,-1
34219.747575879,3,11885856,25,2238600,1
34219.761674124,1,11886111,10,2238604,-1
34219.775534466,1,11886112,50,2238594,1
34219.787531808,4,11886076,25,2238598,-1
34219.790441950,1,11886113,100,2238594,1
34219.797960937,1,11886114,25,2238596,1
34219.814568714,1,11886115,100,2238619,-1
34219.815315574,3,11886029,50,2238600,-1
34219.822170846,2,11885971,25,2238600,-1
34219.829119338,4,11885494,2,2238602,-1
34219.834696969,1,11886116,200,2238595,1
34219.838238422,1,11886117,25,2238601,-1
34219.866475982,1,11886118,200,2238603,-1
34219.868194108,2,11885664,237,2238600,1
34219.887380623,2,11885876,250,2238600,1
34219.897020867,4,11886087,25,2238599,1
34219.907611860,1,11886119,500,2238589,1
34219.908224148,3,11885789,13,2238600,-1
34219.934017323,4,11885657,25,2238604,1
34219.957485187,3,11885281,63,2238600,-1
34219.961729305,1,11886120,100,2238582,1
34219.963115773,1,11886121,25,2238617,-1
34219.967427568,3,11885643,75,2238600,1
34219.967644333,3,11885586,175,2238600,-1
34219.975284018,2,11885241,20,2238600,-1
34219.983324716,3,11885471,50,2238600,1
34219.988940970,1,11886122,500,2238604,-1
34220.029416280,1,11886123,25,2238602,-1
34220.030381288,1,11886124,200,2238599,1
34220.033257074,1,11886125,25,2238606,-1
34220.037027686,4,11885748,10,2238601,-1
34220.043542008,1,11886126,25,2238618,-1
34220.055758461,4,11885635,10,2238599,-1
34220.084133274,1,11886127,500,2238583,1
34220.087973132,1,11886128,100,2238614,-1
34220.097698352,1,11886129,25,2238583,1
34220.111242769,1,11886130,1000,2238598,1
34220.123227380,1,11886131,100,2238599,1
34220.123570771,1,11886132,25,2238598,1
34220.132980390,4,11885867,10,2238598,-1
34220.135283710,1,11886133,10,2238590,1
34220.149680506,4,11885809,25,2238599,1
34220.166300651,3,11885817,200,2238600,-1
34220.179239126,4,11885342,50,2238603,1
34220.184151163,2,11886049,25,2238600,1
34220.190378098,2,11886033,50,2238600,-1
34220.193390509,1,11886134,500,2238595,1
34220.196685279,1,11886135,25,2238582,1
34220.205150189,1,11886136,200,2238609,-1
34220.221771168,1,11886137,200,2238609,-1
34220.227637598,1,11886138,100,2238588,1
34220.246237467,1,11886139,500,2238591,1
34220.254254770,1,11886140,25,2238609,-1
34220.261085331,1,11886141,10,2238592,1
34220.261477957,4,11886095,10,2238603,1
34220.274113688,3,11885700,10,2238600,-1
34220.311116057,3,11885835,5,2238600,-1
34220.318890944,1,11886142,100,2238597,1
34220.320092105,1,11886143,10,2238614,-1
34220.325651649,1,11886144,1000,2238611,-1
34220.348420064,4,11885756,25,2238597,1
34220.353013501,1,11886145,100,2238596,1
34220.369517883,3,11886023,100,2238600,-1
34220.384818013,4,11885866,50,2238595,-1
34220.395519991,3,11885380,25,2238600,-1
34220.426570854,7,0,0,0,0
34220.434904201,2,11885919,5,2238600,-1
34220.442647066,4,11885328,25,2238605,-1
34220.450079858,1,11886146,50,2238608,-1
34220.466124658,1,11886147,100,2238604,-1
34220.472012664,1,11886148,100,2238588,1
34220.472807900,1,11886149,200,2238585,1
34220.475418474,4,11886056,10,2238601,1
34220.486630278,2,11885745,5,2238600,1
34220.490809276,1,11886150,100,2238581,1
34220.512132742,1,11886151,25,2238601,-1
34220.517556346,3,11885982,100,2238600,-1
34220.531137458,1,11886152,100,2238601,-1
34220.577122864,4,11885881,25,2238600,-1
34220.578486251,1,11886153,50,2238604,-1
34220.595899705,2,11885439,50,2238600,1
34220.647285705,3,11885840,200,2238600,-1
34220.677226852,2,11885943,100,2238600,1
34220.680641776,1,11886154,500,2238581,1
34220.708228074,4,11886117,25,2238605,-1
34220.718709302,1,11886155,25,2238604,-1
34220.725507535,2,11886046,100,2238600,-1
34220.734178451,1,11886156,50,2238613,-1
34220.736143660,3,11885619,5,2238600,1
34220.741774286,4,11885781,10,2238599,1
34220.743584620,1,11886157,25,2238594,1
34220.768557620,3,11885663,100,2238600,-1
34220.779536753,1,11886158,100,2238599,1
34220.779942318,2,11885589,12,2238600,1
34220.780009192,1,11886159,500,2238590,1
34220.788476026,2,11885968,5,2238600,-1
34220.791970772,3,11885462,100,2238600,1
34220.797847930,1,11886160,200,2238591,1
34220.799086147,1,11886161,50,2238597,1
34220.806159829,2,11886037,50,2238600,1
34220.817309730,2,11885297,50,2238600,1
34220.822990352,3,11885792,40,2238600,-1
34220.825102485,3,11886156,50,2238600,-1
34220.825465352,1,11886162,50,2238581,1
34220.854140918,1,11886163,200,2238584,1
34220.867367006,1,11886164,200,2238583,1
34220.881207813,1,11886165,10,2238594,1
34220.892854746,2,11885671,500,2238600,1
34220.903007977,2,11885569,2,2238600,1
34220.924036278,4,11886007,25,2238605,1
34220.929015538,1,11886166,10,2238592,1
34220.950293052,1,11886167,25,2238611,-1
34220.955824562,4,11885452,10,2238601,-1
34220.968026220,1,11886168,100,2238620,-1
34220.970703185,2,11885915,50,2238600,1
34220.971330488,1,11886169,100,2238614,-1
34220.977163583,4,11885723,10,2238598,1
34220.981316337,1,11886170,100,2238608,-1
34220.983137975,2,11886144,500,2238600,-1
34220.992573345,2,11885248,12,2238600,1
34221.008789102,3,11885844,90,2238600,-1
34221.023349494,2,11886046,50,2238600,-1
34221.025712585,4,11886063,10,2238598,1
34221.029140129,1,11886171,100,2238607,-1
34221.031999681,3,11886054,200,2238600,-1
34221.033081333,1,11886172,50,2238590,1
34221.035695049,1,11886173,200,2238604,-1
34221.040440898,3,11885726,200,2238600,-1
34221.060244732,2,11885928,100,2238600,-1
34221.060448333,2,11885527,12,2238600,-1
34221.061452689,1,11886174,100,2238611,-1
34221.075058307,1,11886175,1000,2238591,1
34221.083643271,1,11886176,100,2238586,1
34221.090247158,2,11885685,50,2238600,-1
34221.095066435,3,11885869,15,2238600,1
34221.109450753,1,11886177,200,2238587,1
34221.115376268,1,11886178,10,2238611,-1
34221.125316462,2,11885613,47,2238600,-1
34221.145328513,1,11886179,100,2238587,1
34221.151743831,2,11885668,237,2238600,-1
34221.152351240,1,11886180,10,2238605,-1
34221.164030787,4,11885724,25,2238603,1
34221.179863411,1,11886181,100,2238589,1
34221.186460464,3,11885387,25,2238600,-1
34221.211872745,1,11886182,10,2238599,1
34221.225661911,1,11886183,500,2238598,1
34221.232497535,2,11885514,12,2238600,1
34221.246320296,1,11886184,100,2238604,-1
34221.249804865,2,11886053,250,2238600,1
34221.253696642,2,11885551,500,2238600,1
34221.255222533,1,11886185,100,2238617,-1
34221.261611207,1,11886186,100,2238594,1
34221.279296014,1,11886187,10,2238584,1
34221.317008253,1,11886188,100,2238582,1
34221.318003303,2,11885358,45,2238600,1
34221.322318101,1,11886189,25,2238593,1
34221.339508086,2,11885778,5,2238600,-1
34221.344085277,4,11886093,25,2238605,1
34221.346349116,1,11886190,25,2238591,1
34221.354642446,2,11886183,250,2238600,1
34221.369169110,3,11886128,100,2238600,-1
34221.378452116,3,11886153,50,2238600,-1
34221.389493297,1,11886191,10,2238593,1
34221.405756790,1,11886192,10,2238589,1
34221.440769863,3,11885941,500,2238600,1
34221.451701402,2,11885461,2,2238600,1
34221.454455946,3,11886001,100,2238600,1
34221.458840865,1,11886193,200,2238580,1
34221.489932143,3,11885517,50,2238600,-1
34221.508250217,1,11886194,100,2238604,-1
34221.513966831,1,11886195,200,2238615,-1
34221.518213181,2,11885588,5,2238600,1
34221.523033254,3,11885207,65,2238600,1
34221.525212776,1,11886196,10,2238611,-1
34221.529815169,4,11886148,10,2238605,1
34221.533030335,1,11886197,100,2238609,-1
34221.568483563,4,11885999,25,2238605,-1
34221.574543734,3,11886193,200,2238600,1
34221.588430159,1,11886198,500,2238580,1
34221.590092969,4,11885495,10,2238596,1
34221.590669769,1,11886199,25,2238582,1
34221.609814185,3,11885821,50,2238600,1
34221.627971031,1,11886200,200,2238581,1
34221.632532142,2,11885935,250,2238600,-1
34221.650716257,1,11886201,10,2238591,1
34221.656575321,1,11886202,100,2238606,-1
34221.675034777,1,11886203,50,2238604,-1
34221.683432085,2,11885992,12,2238600,-1
34221.684355014,1,11886204,50,2238594,1
34221.694206732,1,11886205,100,2238593,1
34221.700375061,4,11885783,50,2238605,-1
34221.728962178,3,11885496,25,2238600,1
34221.732679877,1,11886206,100,2238605,-1
34221.738023938,1,11886207,1000,2238594,1
34221.741026264,1,11886208,50,2238619,-1
34221.755826625,3,11885562,75,2238600,1
34221.756200852,1,11886209,50,2238586,1
34221.772856085,1,11886210,100,2238603,-1
34221.775222452,1,11886211,100,2238583,1
34221.777285630,2,11885878,250,2238600,-1
34221.785581473,4,11885812,25,2238605,-1
34221.790026924,1,11886212,50,2238611,-1
34221.813355292,1,11886213,100,2238585,1
34221.827300380,2,11886138,50,2238600,1
34221.835879777,1,11886214,200,2238591,1
34221.845066260,1,11886215,200,2238592,1
34221.868179040,1,11886216,100,2238619,-1
34221.868468748,4,11886142,100,2238603,1
34221.870680979,3,11885491,490,2238600,1
34221.881569770,1,11886217,200,2238590,1
34221.883095001,1,11886218,100,2238601,-1
34221.885331519,1,11886219,200,2238592,1
34221.891068266,1,11886220,100,2238601,-1
34221.895295069,2,11885638,6,2238600,-1
34221.919694369,3,11885689,500,2238600,1
34221.934093691,1,11886221,200,2238587,1
34221.956923603,3,11885950,100,2238600,-1
34221.966010273,1,11886222,500,2238592,1
34221.967972369,1,11886223,100,2238580,1
34221.973050351,1,11886224,10,2238607,-1
34221.976644823,1,11886225,10,2238586,1
34221.980371299,1,11886226,25,2238614,-1
34221.985449869,1,11886227,100,2238588,1
34221.986519098,3,11885216,225,2238600,-1
34221.988273159,2,11885989,50,2238600,1
34221.988389722,2,11885949,5,2238600,-1
34222.003145773,1,11886228,200,2238580,1
34222.027028387,3,11885833,100,2238600,1
34222.045618181,1,11886229,100,2238586,1
34222.050454693,1,11886230,25,2238619,-1
34222.057688619,4,11885967,10,2238599,1
34222.058095219,1,11886231,100,2238580,1
34222.061003112,1,11886232,25,2238582,1
34222.064473749,1,11886233,100,2238602,-1
34222.068893657,3,11885706,13,2238600,-1
34222.070820209,1,11886234,100,2238584,1
34222.074031856,2,11885694,25,2238600,-1
34222.099137194,4,11886069,25,2238595,-1
34222.099933430,1,11886235,100,2238587,1
34222.112857794,2,11885783,25,2238600,-1
34222.118348780,4,11885721,25,2238596,-1
34222.136479836,1,11886236,25,2238581,1
34222.140092425,4,11885694,25,2238595,-1
34222.144780251,3,11885972,10,2238600,-1
34222.147993147,1,11886237,100,2238580,1
34222.149993039,1,11886238,200,2238599,1
34222.160699493,1,11886239,25,2238604,-1
34222.160881875,1,11886240,200,2238620,-1
34222.169747111,1,11886241,500,2238616,-1
34222.169873580,1,11886242,100,2238605,-1
34222.183443699,2,11886232,12,2238600,1
34222.188387666,2,11886123,12,2238600,-1
34222.222721859,2,11885850,50,2238600,-1
34222.223589340,2,11885787,25,2238600,1
34222.227039953,2,11885274,125,2238600,-1
34222.228734802,2,11886115,50,2238600,-1
34222.234382883,1,11886243,200,2238618,-1
34222.280119831,2,11885894,12,2238600,1
34222.289462386,1,11886244,1000,2238593,1
34222.297919427,1,11886245,100,2238618,-1
34222.311833739,2,11885814,25,2238600,-1
34222.326552248,2,11886190,12,2238600,1
34222.340896726,2,11885914,250,2238600,-1
34222.343446929,3,11885766,25,2238600,-1
34222.360941888,4,11885574,10,2238595,-1
34222.368548993,1,11886246,100,2238596,1
34222.379136302,1,11886247,25,2238580,1
34222.388544854,1,11886248,50,2238601,-1
34222.391420884,1,11886249,10,2238588,1
34222.400617413,1,11886250,100,2238594,1
34222.413456961,1,11886251,10,2238589,1
34222.414127047,2,11886002,250,2238600,1
34222.416938044,4,11885574,90,2238603,-1
34222.427192943,3,11885549,50,2238600,-1
34222.430001510,1,11886252,200,2238586,1
34222.484115363,1,11886253,500,2238609,-1
34222.491823023,2,11886084,5,2238600,-1
34222.504367414,3,11885348,170,2238600,1
34222.507834138,3,11885304,100,2238600,-1
34222.512349856,2,11886213,50,2238600,1
34222.518148858,1,11886254,200,2238619,-1
34222.519334259,1,11886255,500,2238605,-1
34222.535208729,1,11886256,500,2238585,1
34222.541973142,1,11886257,50,2238615,-1
34222.547958354,1,11886258,10,2238595,1
34222.551361175,1,11886259,50,2238610,-1
34222.563943236,1,11886260,10,2238610,-1
34222.580300986,2,11885910,5,2238600,-1
34222.583275694,4,11886141,10,2238604,1
34222.583397095,2,11886069,237,2238600,-1
34222.588603240,1,11886261,100,2238605,-1
34222.595556641,1,11886262,200,2238606,-1
34222.602135455,1,11886263,25,2238589,1
34222.604447581,2,11885478,25,2238600,-1
34222.614945707,1,11886264,500,2238583,1
34222.628469579,1,11886265,100,2238589,1
34222.631636892,3,11886090,100,2238600,-1
34222.652242353,1,11886266,25,2238592,1
34222.665691413,2,11885711,250,2238600,1
34222.668283524,1,11886267,25,2238618,-1
34222.681874615,4,11885511,25,2238595,1
34222.684203171,3,11886026,100,2238600,1
34222.690444445,3,11885819,50,2238600,-1
34222.706051690,1,11886268,100,2238603,-1
34222.707103917,2,11885790,5,2238600,-1
34222.715528031,4,11885457,25,2238602,-1
34222.730551634,3,11886180,10,2238600,-1
34222.744638794,1,11886269,25,2238620,-1
34222.754611855,1,11886270,25,2238610,-1
34222.762208786,2,11886057,12,2238600,-1
34222.765902105,4,11885588,5,2238600,1
34222.788285746,1,11886271,200,2238597,1
34222.799462969,4,11885855,25,2238603,-1
34222.816754066,1,11886272,50,2238593,1
34222.820398025,1,11886273,25,2238620,-1
34222.831542004,1,11886274,200,2238606,-1
34222.840961250,4,11886027,25,2238601,-1
34222.856091393,4,11886024,100,2238599,-1
34222.860724313,3,11885815,10,2238600,-1
34222.866697373,1,11886275,200,2238601,-1
34222.871873880,1,11886276,200,2238585,1
34222.872070599,1,11886277,200,2238610,-1
34222.872310237,1,11886278,100,2238593,1
34222.878110264,1,11886279,200,2238589,1
34222.906496551,4,11885323,25,2238601,1
34222.918137694,1,11886280,100,2238620,-1
34222.918749183,1,11886281,500,2238615,-1
34222.919926110,3,11885834,100,2238600,1
34222.957726745,3,11885541,20,2238600,1
34222.966638052,2,11885988,250,2238600,-1
34222.969451430,3,11885739,200,2238600,1
34222.977585939,2,11885523,50,2238600,-1
34222.992374454,3,11885820,1000,2238600,1
34223.023886658,3,11885660,500,2238600,1
34223.025921783,1,11886282,100,2238607,-1
34223.038097779,3,11885254,1000,2238600,-1
34223.039609147,1,11886283,200,2238602,-1
34223.040230948,1,11886284,500,2238602,-1
34223.060873001,2,11885773,25,2238600,1
34223.069425321,3,11886135,25,2238600,1
34223.070392011,1,11886285,200,2238583,1
34223.071310207,2,11885611,225,2238600,1
34223.085249737,1,11886286,100,2238615,-1
34223.106497523,2,11885381,6,2238600,-1
34223.108502466,1,11886287,100,2238601,-1
34223.111981229,1,11886288,50,2238592,1
34223.113612242,2,11885846,25,2238600,-1
34223.121212899,1,11886289,10,2238619,-1
34223.136040599,1,11886290,100,2238582,1
34223.154664456,2,11885373,100,2238600,-1
34223.158631409,1,11886291,50,2238593,1
34223.164152810,4,11885668,50,2238595,-1
34223.165629834,1,11886292,100,2238601,-1
34223.179253362,1,11886293,100,2238615,-1
34223.181555450,3,11885420,10,2238600,-1
34223.216372080,2,11886081,12,2238600,1
34223.217669794,1,11886294,50,2238620,-1
34223.271394947,1,11886295,50,2238583,1
34223.274342477,1,11886296,200,2238587,1
34223.279455874,1,11886297,100,2238603,-1
34223.298282008,7,0,0,0,0
34223.299164327,1,11886298,500,2238601,-1
34223.302376249,1,11886299,25,2238592,1
34223.302469421,1,11886300,10,2238602,-1
34223.318683528,2,11885907,250,2238600,-1
34223.328295233,1,11886301,500,2238583,1
34223.341841898,1,11886302,10,2238594,1
34223.344124425,1,11886303,50,2238620,-1
34223.359415404,4,11885293,13,2238597,-1
34223.383900410,1,11886304,10,2238594,1
34223.388187744,1,11886305,1000,2238596,1
34223.394432042,4,11885996,10,2238604,-1
34223.411009143,1,11886306,50,2239105,-1
34223.418774129,2,11885434,2,2239100,1
34223.425270981,4,11885625,10,2239103,-1
34223.426661390,1,11886307,200,2239096,1
34223.429978423,1,11886308,200,2239106,-1
34223.433561016,1,11886309,50,2239105,-1
34223.438257384,3,11885297,50,2239100,1
34223.452038105,2,11885634,244,2239100,-1
34223.490926356,2,11885712,25,2239100,-1
34223.492692358,2,11886049,12,2239100,1
34223.512189162,4,11886155,10,2239098,-1
34223.518225766,1,11886310,500,2239117,-1
34223.522339410,1,11886311,100,2239118,-1
34223.523354239,3,11885752,100,2239100,1
34223.524006216,2,11886115,25,2239100,-1
34223.525355576,1,11886312,100,2239096,1
34223.528861276,1,11886313,1000,2239118,-1
34223.529727397,2,11885947,50,2239100,-1
34223.546876860,2,11885532,50,2239100,1
34223.565203476,1,11886314,100,2239117,-1
34223.566849524,2,11886103,100,2239100,1
34223.571353984,4,11886101,10,2239097,1
34223.572409123,2,11886201,5,2239100,1
34223.574974285,3,11886112,50,2239100,1
34223.603480564,4,11885773,10,2239101,1
34223.606997387,4,11886042,25,2239097,1
34223.619782470,1,11886315,500,2239107,-1
34223.629278807,1,11886316,10,2239105,-1
34223.646563344,3,11885718,500,2239100,-1
34223.651526628,1,11886317,200,2239092,1
34223.652258053,1,11886318,200,2239104,-1
34223.661075249,1,11886319,200,2239091,1
34223.661183523,1,11886320,100,2239080,1
34223.671984022,1,11886321,10,2239105,-1
34223.710612999,1,11886322,50,2239102,-1
34223.732787789,1,11886323,200,2239084,1
34223.735331983,7,0,0,0,0
34223.744578137,1,11886324,100,2239114,-1
34223.754740903,1,11886325,100,2239109,-1
34223.758728226,1,11886326,10,2239103,-1
34223.771214289,2,11885678,37,2239100,-1
34223.780156755,1,11886327,100,2239118,-1
34223.788495113,4,11886253,10,2239104,-1
34223.789635736,2,11885439,25,2239100,1
34223.798207126,3,11885898,100,2239100,1
34223.806885039,2,11885943,50,2239100,1
34223.819553774,2,11886003,5,2239100,1
34223.838674962,2,11885951,50,2239100,-1
34223.855450024,3,11886256,500,2239100,1
34223.879318533,1,11886328,25,2239104,-1
34223.884631264,1,11886329,200,2239112,-1
34223.888847967,1,11886330,50,2239102,-1
34223.900857887,3,11885564,1000,2239100,-1
34223.903207279,2,11885847,100,2239100,-1
34223.916705158,3,11885584,100,2239100,1
34223.935330402,1,11886331,200,2239089,1
34223.936398442,2,11885836,50,2239100,-1
34223.946121756,3,11885650,200,2239100,-1
34223.949196256,1,11886332,200,2239112,-1
34223.981213576,1,11886333,100,2239117,-1
34223.989434417,2,11885953,25,2239100,1
34223.999070100,1,11886334,10,2239109,-1
34224.003227739,1,11886335,200,2239104,-1
34224.016556502,3,11886202,100,2239100,-1
34224.024998686,7,0,0,0,0
34224.030842261,2,11886259,25,2239100,-1
34224.080009996,1,11886336,200,2239092,1
34224.085814539,1,11886337,500,2239108,-1
34224.105300871,1,11886338,25,2239086,1
34224.112610844,2,11885938,5,2239100,-1
34224.126346315,4,11885759,10,2239100,1
34224.149377454,1,11886339,500,2239103,-1
34224.150821849,4,11885732,50,2239104,1
34224.152200281,3,11886081,13,2239100,1
34224.164522424,1,11886340,200,2239088,1
34224.174877840,4,11886037,10,2239095,1
34224.181044126,2,11885370,50,2239100,1
34224.211655159,2,11886144,250,2239100,-1
34224.222161314,1,11886341,100,2239097,1
34224.222837817,2,11886323,100,2239100,1
34224.223117461,1,11886342,25,2239087,1
34224.229134300,2,11885862,5,2239100,-1
34224.231781306,2,11885965,100,2239100,1
34224.233338878,2,11885842,25,2239100,1
34224.253197230,1,11886343,10,2239119,-1
34224.291074884,2,11886325,50,2239100,-1
34224.292832800,4,11885603,50,2239095,1
34224.303314093,1,11886344,500,2239096,1
34224.311847320,1,11886345,100,2239113,-1
34224.313338232,1,11886346,100,2239106,-1
34224.334463214,1,11886347,25,2239107,-1
34224.376893533,1,11886348,25,2239083,1
